2747 4800
887 291 898 302 ⁸
979 297 1101 380 Pe,-
1155 294 1274 381 54,
1336 318 1402 363 2.
1447 293 1515 363 3.
2202 285 2397 364 345ι

158 480 382 560 quidem
411 475 500 537 sie
524 476 650 535 fere
679 476 869 537 habet.
950 476 1144 538 David
1173 495 1293 537 non
1328 479 1427 538 diu
1458 489 1590 557 post
1615 475 1810 559 Doi'egi
1828 519 1847 553 ,
1886 476 2176 555 Idumaei,
2222 499 2357 558 per-

158 569 343 628 fidiam
361 606 382 638 ,
423 563 754 622 admonitus
784 565 1053 635 oraculo,
1104 565 1170 621 ni
1196 574 1420 623 mature
1451 567 1572 623 suis
1600 564 1771 624 rebus
1801 565 2163 639 consuleret,
2207 565 2356 640 fore,

162 662 224 710 ut
257 669 296 708 a
335 649 621 720 Ceilanis,
683 650 748 705 in
782 666 1027 725 quorum
1069 648 1210 705 urbe
1254 651 1626 722 morabatur,
1679 651 1803 726 ipse
1846 667 1975 707 cum
2016 651 2139 707 suis
2169 649 2354 709 Saulo

162 734 480 803 dederetur,
523 734 668 792 urhe
696 733 799 790 illa
830 733 1036 791 relicta
1065 731 1128 788 in
1159 730 1445 791 desertum
1481 733 1628 810 Siph
1664 751 1725 790 se
1755 751 1885 791 cum
1911 736 2202 803 sexcentis
2234 735 2356 792 cir·

161 823 299 878 citer
339 820 487 876 viris
525 819 791 877 contulit.
877 816 995 876 Sed
1033 834 1218 892 neque
1258 816 1341 874 ibi
1371 818 1475 875 diu
1500 828 1668 898 “tutus
1693 817 1828 875 fuit.
1908 817 2060 876 Nam
2093 818 2354 895 Siphaei‚

160 913 450 977 captantes
494 902 651 979 regis
694 901 980 980 gratiam,
1040 902 1284 958 mittunt
1326 904 1528 960 statim
1572 903 1646 961 ad
1675 903 1853 959 illum
1897 912 2190 976 oratores,
2250 903 2356 980 qui

160 987 504 1069 significent,
530 983 811 1044 Davidem
839 988 902 1043 in
927 1003 1032 1042 suo
1054 1003 1200 1065 agro
1222 988 1587 1059 commorari,
1609 988 2099 1064 polliceantnrque
2127 1005 2358 1045 omnem

160 1090 417 1149 operam,
458 1078 527 1127 ut
561 1072 681 1147 ipse
710 1072 774 1128 in
803 1087 1006 1128 manus
1034 1069 1189 1145 regis
1220 1070 1502 1128 tradatur.
1580 1072 1794 1131 Saulus
1825 1090 1962 1129 vero
1995 1071 2356 1130 collaudatos

161 1155 452 1228 homines,
509 1155 664 1231 quod
690 1173 853 1214 suam
879 1156 1063 1212 vicem
1095 1151 1451 1228 doluissent,
1502 1153 1774 1215 hortatus
1806 1165 1926 1229 est,
1983 1158 2357 1233 explorarent

162 1241 487 1321 diligenter,
532 1257 645 1315 quo
677 1241 741 1296 in
771 1242 902 1298 loco
931 1249 1261 1297 versaretur
1286 1234 1501 1313 David,
1534 1242 1897 1318 promittens,
1934 1259 1996 1299 se
2027 1241 2190 1298 brevi
2222 1237 2354 1298 cum

160 1326 384 1406 ingenti
413 1325 673 1384 exercitu
703 1324 1054 1381 adfuturum.
1122 1321 1244 1381 Nec
1273 1341 1458 1382 mora.
1522 1324 1740 1384 Statim
1768 1325 1984 1384 Saulus
2008 1326 2354 1401 insequutus

158 1419 242 1468 est
283 1408 605 1481 Davidem,
661 1410 762 1485 qui
799 1419 921 1466 tum
953 1417 1080 1466 erat
1109 1408 1174 1464 in
1202 1403 1474 1467 Maonico
1502 1409 1766 1483 deserto,
1821 1419 1881 1466 et
1918 1410 2157 1490 cognito
2195 1411 2355 1490 regis

158 1495 406 1554 adventu
446 1512 645 1570 rupem
683 1492 967 1569 quandam
1008 1491 1331 1565 insederat,
1386 1512 1419 1551 e
1458 1512 1575 1571 qua
1618 1496 1722 1552 vix
1769 1495 2055 1571 potuisset
2093 1493 2356 1574 eradere,

65 1617 68 1622 »
159 1580 506 1637 constrictus
547 1580 713 1654 quasi
753 1579 1132 1654 irretitusque
1173 1578 1245 1635 ab
1282 1576 1476 1652 hoste,
1531 1579 1650 1637 nisi
1689 1577 1828 1636 huic
1862 1579 2103 1636 nuntius
2135 1578 2352 1637 allatus

154 1662 391 1735 fuisset,
448 1660 800 1721 Philithaeos
830 1664 1113 1736 irrupisse
1143 1662 1204 1717 in
1237 1681 1514 1741 regnum,
1569 1681 1715 1740 quae
1742 1680 1835 1720 res
1869 1662 2110 1721 Saulum
2138 1663 2356 1743 coegit,

155 1750 332 1806 misso
358 1746 607 1820 Doride,
656 1745 944 1819 decedere,
993 1757 1053 1804 et
1083 1745 1193 1804 hoc
1221 1750 1442 1822 solum,
1481 1746 1607 1805 Deo
1634 1749 1722 1805 ita
1753 1757 2026 1819 curante,
2066 1745 2355 1806 Davidem

158 1842 275 1892 tum
306 1842 725 1890 conservasset.
808 1830 1134 1892 Secundum
1166 1840 1358 1888 autem
1386 1833 1649 1909 proditus
1677 1831 1796 1890 fuit
1828 1811 1871 1890 ff
1893 1830 2182 1907 Siphaeis,
2223 1851 2356 1891 cum

155 1918 217 1975 in
254 1919 458 1977 vicIna
499 1917 812 1976 solitudine
851 1914 1130 1974 Hachilae
1168 1916 1375 1989 latuit,
1437 1935 1553 1993 quo
1590 1917 1863 1975 similiter
1904 1916 2180 1974 adversus
2223 1935 2357 1974 eum

155 2005 475 2060 exercitum
523 2001 728 2061 eduxit
779 2000 1034 2074 Saulus,
1110 1998 1210 2057 sed
1252 2001 1510 2074 minore,
1579 2018 1750 2078 quam
1794 2009 1999 2073 antea,
2062 2017 2353 2058 successu.

153 2077 357 2146 David
390 2088 544 2145 enim
574 2094 770 2144 castra
804 2084 977 2146 Sauli
1016 2091 1189 2144 noctu
1221 2085 1555 2163 ingressus,
1618 2086 1788 2164 gravi
1826 2101 2034 2162 sopore
2069 2084 2356 2144 divinitus

157 2171 419 2231 immisso
459 2181 519 2229 et
547 2170 727 2229 Saulo
767 2181 826 2228 et
861 2170 973 2227 toti
1005 2169 1322 2242 exercitui,
1367 2178 1492 2227 tum
1522 2168 1797 2248 scyphum
1831 2180 1889 2227 et
1918 2168 2143 2228 hastam
2174 2168 2357 2229 Saulo

153 2257 428 2315 stertenti
465 2255 703 2313 abstulit
735 2265 793 2313 et
825 2254 1109 2331 potuisset
1138 2271 1266 2312 eum
1297 2254 1648 2328 interficere,
1689 2254 1744 2312 si
1771 2252 2074 2311 voluisset.
2154 2250 2358 2332 Itaque

153 2352 208 2397 et
237 2360 373 2399 cum
408 2340 561 2398 bona
595 2341 787 2420 gratia
817 2358 923 2397 sua
951 2349 1157 2417 sponte
1189 2338 1266 2395 ab
1293 2357 1362 2396 eo
1392 2349 1696 2398 exoratum
1723 2338 1968 2397 abduxit
1994 2336 2243 2412 Saulus,
2295 2349 2357 2396 et

153 2427 598 2497 reconciliatus,
643 2434 710 2482 ut
735 2426 923 2484 videri
954 2424 1176 2497 voluit,
1218 2440 1254 2479 a
1281 2422 1507 2482 Davide
1537 2425 1820 2482 discessit.
1907 2424 2068 2492 Quae
2106 2421 2362 2482 historia

156 2511 480 2586 perscripta
507 2521 595 2568 est
628 2511 656 2566 l
678 2508 837 2567 Sam.
866 2506 967 2566 26.
1052 2507 1203 2566 Utra
1230 2509 1421 2588 igitur
1447 2510 1511 2566 in
1542 2511 1714 2567 titulo
1747 2508 1919 2586 hujus
1950 2507 2172 2565 Psalmi
2200 2506 2361 2566 imli-
2418 2514 2453 2529 ‘⁴

155 2606 355 2667 cetur,
399 2596 598 2672 quaeri
627 2604 853 2672 potest,
891 2606 1074 2670 neque
1106 2601 1298 2650 tamen
1324 2591 1399 2651 ad
1429 2594 1709 2670 liquidum
1742 2613 1865 2652 rem
1897 2594 2198 2670 quisquam
2226 2611 2364 2669 per-
2462 2642 2468 2647 ,

156 2678 416 2752 duxerit,
455 2698 629 2755 quum
663 2681 724 2735 in
756 2680 1010 2738 carmine
1043 2679 1237 2735 omnia
1261 2679 1384 2735 sint
1414 2681 1800 2758 generaliora,
1832 2696 2014 2754 neque
2043 2675 2359 2754 quidquam

117 2824 126 2829 ,
154 2765 305 2839 quod
342 2764 417 2822 ad
442 2766 689 2837 speciale
716 2761 950 2841 aliquod
976 2761 1192 2821 factum
1216 2762 1424 2820 referri
1455 2772 1613 2820 certo
1640 2764 1842 2839 possit.
1898 2759 2148 2819 Difficile
2177 2760 2361 2836 dictu,

154 2846 270 2924 Syr
273 2868 378 2908 um
412 2848 550 2926 quid
592 2850 874 2920 moverit,
934 2866 1037 2904 cur
1078 2846 1254 2904 aliam
1299 2847 1502 2921 plane,
1563 2864 1735 2922 quam
1770 2845 2018 2905 hebraea
2048 2846 2358 2921 inscriptio

155 2935 415 3005 indicat,
482 2930 692 2990 Psalmi
743 2933 1101 2989 occasionem
1147 2929 1371 2988 fecerit.
1453 2928 1622 2987 Hanc
1673 2931 1828 2988 enim
1868 2928 2116 3005 Syriaca
2163 2930 2397 2989 versio.

153 3015 327 3091 hujus
376 3016 593 3075 Psalmi
632 3015 984 3096 epigraphen
1023 3017 1208 3096 gerit·
1272 3012 1416 3073 Cum
1460 3013 1723 3072 misisset
1759 3011 1971 3072 David
2005 3009 2258 3072 Joabum
2297 3022 2363 3069 ee

154 3102 496 3160 exercitum
536 3120 703 3160 suum
744 3101 827 3158 ad
857 3094 1265 3201 pugnandum·
1290 3109 1509 3157 contra
1545 3097 1908 3161 Absalonam.
1992 3094 2177 3155 Nobis
2217 3115 2361 3156 vero

153 3193 247 3246 e‘st
283 3199 605 3265 tropaeum
644 3194 708 3244 et
742 3186 956 3245 oratio
985 3185 1119 3259 ejus
1161 3184 1265 3262 qm·
1304 3203 1345 3241 a
1378 3183 1510 3243 Deo
1549 3181 1916 3256 defenditur.
1998 3188 2067 3242 Β
2074 3192 2227 3241 ww
2259 3180 2364 3239 Si-

145 3271 357 3349 phaet’,
402 3271 597 3348 oppidi
624 3268 777 3351 sipla
814 3269 876 3352 (a
906 3271 1234 3343 conditore,
1274 3271 1364 3329 uti
1392 3270 1656 3337 ridetur,
1698 3270 1785 3325 sic
1815 3267 2121 3344 appellati,
2172 3268 2200 3323 l
2226 3263 2362 3325 Chr.

159 3357 230 3430 2,
259 3359 366 3416 42
387 3356 411 3434 )
453 3359 677 3415 incolae
717 3356 789 3413 in
834 3357 1076 3415 desertis
1117 3354 1329 3428 Judae,
1388 3371 1567 3431 prope
1607 3350 1785 3411 Maon
1827 3360 1887 3410 et
1926 3349 2185 3421 Carmel,
2241 3351 2362 3410 Jos.

161 3399 262 3515 15,
293 3442 409 3511 55
485 3438 677 3501 Verba
707 3440 1089 3517 Siphaeorum
1121 3439 1195 3499 ad
1228 3439 1475 3500 Saulum
1507 3447 1904 3496 memorantur
1934 3433 2106 3493 haec.
2155 3432 2364 3493 Nonne

155 3523 373 3586 David
410 3525 557 3584 latet
598 3525 764 3605 apud
799 3524 950 3582 nos?
1018 3542 1165 3602 quae
1196 3524 1586 3604 interrogatio
1625 3541 1703 3581 ex
1739 3523 2088 3600 proprietate
2126 3523 2366 3601 linguae

156 3611 601 3670 affirmationem
632 3609 841 3683 habet,
892 3618 953 3667 et
990 3620 1059 3667 ut
1098 3608 1346 3686 simplex
1383 3608 1664 3665 indicium
1703 3606 1981 3682 capienda
2017 3616 2123 3663 est.
2189 3604 2366 3662 Valet

159 3695 222 3753 in
261 3695 598 3771 hujus-modi
638 3694 942 3774 phrasibus
988 3690 1068 3755 N:
1075 3705 1122 3753 ‘7
1164 3694 1316 3753 idem
1359 3689 1515 3770 quod
1558 3701 1638 3753 ns
1619 3701 1695 3773 ²¹!
1734 3689 1910 3749 ecce!
1974 3687 2060 3749 cf.
2099 3690 2368 3750 (inst-:Nu

159 3777 382 3839 Gescls.
425 3780 484 3839 d.
523 3779 686 3841 hebr.
729 3776 871 3861 Spr.
916 3798 969 3858 p.
1004 3759 1125 3839 392⁸

335 3952 401 4008 3.
485 3946 745 4011 Ὧδ’·ῆυῆπ
796 3945 987 4039 77:222
1035 3956 1102 4010 Β
1108 3942 1250 4011 272&
1286 3945 1455 4005 Deus
1493 3945 1718 4007 salvum
1757 3965 1845 4005 me
1883 3944 2102 4006 reddas
2145 3943 2372 4002 nomine

164 4042 305 4108 tuo,
355 4036 399 4091 i.
424 4055 476 4092 e.
519 4053 625 4110 ope
658 4043 797 4108 tua3
852 4052 1054 4093 nomen
1097 4016 1251 4090 Des*
1257 4052 1389 4111 pro
1380 4031 1520 4089 Deo
1556 4035 1680 4109 ipso
1718 4034 1951 4109 ejusque
1977 4031 2248 4102 numine,
2304 4039 2371 4086 ut
2454 4064 2461 4069 -

163 4120 268 4191 41,
296 4123 360 4176 6.
403 4117 633 4190 52‚11.
664 4122 739 4178 al.
826 4132 880 4165 '⁵⁸
855 4131 1030 4209 pun
1080 4127 1388 4209 *juvans
1430 4116 1926 4191 &fortitudine
1964 4125 2105 4188 tua,
2159 4114 2224 4172 in
2254 4131 2370 4190 qua

160 4206 288 4259 sola
322 4220 484 4275 spem
515 4201 733 4276 habeo,
785 4222 916 4261 cum
945 4184 1247 4261 adversum
1280 4219 1370 4258 me
1405 4212 1493 4259 tot
1527 4205 1682 4280 iique
1710 4206 1972 4282 potentes
2000 4198 2197 4258 hostes
2231 4217 2374 4258 eon-

162 4288 490 4361 spirarint,
534 4284 756 4361 judica
800 4307 928 4362 me,
983 4289 1025 4345 i.
1058 4307 1107 4346 e.
1140 4289 1235 4362 jus
1266 4305 1454 4344 meum
1485 4296 1644 4346 tuere
1676 4299 1736 4346 et
1766 4288 2042 4347 ulciscere
2075 4304 2184 4343 me.
2260 4274 2377 4342 Sic

160 4372 406 4430 Verbum
436 4385 533 4456 ἵει-4
565 4366 878 4449 judicare,
918 4375 1144 4452 saepius
1179 4383 1287 4448 est,
1329 4388 1591 4433 caussam
1625 4372 1883 4454 oppressi
1911 4366 2157 4447 alicuius
2183 4383 2378 4447 agere,
