2747 4800
345 273 508 364 668Ι
954 255 959 262 θ
1178 282 1294 346 Pa.
1344 287 1503 368 1⁶39,
1569 305 1621 347 ι.
1665 301 1723 345 α.

344 464 586 545 impios,
633 477 806 546 atque
845 464 1077 526 divinae
1113 467 1434 543 majestatis
1469 476 1891 543 contemtores,
1948 469 2051 547 qui
2091 469 2268 528 simul
2297 470 2420 528 sint
2465 474 2561 530 sui

338 553 554 614 hostes.
1887 603 1895 610 .

504 644 707 723 Longe
746 644 1002 701 maxima
1038 644 1315 700 carminis
1356 662 1493 718 pars
1534 644 1796 720 quamvis
1830 645 1894 703 in
1936 645 2342 703 omniscientis
2377 653 2559 722 atque

338 727 1054 805 omnipraesentiadivina
1084 728 1423 787 celebranda
1465 736 1764 803 versetur,
1822 730 1883 786 in
1924 748 1992 786 eo
2034 740 2228 787 tamen
2266 749 2388 787 non
2426 738 2557 787 esse

335 816 673 890 primarium
711 824 911 889 poetae
948 812 1292 885 consilium,
1347 832 1463 890 quo
1500 815 1731 870 animus
1765 817 1891 890 ejus
1923 813 1999 871 ad
2028 812 2348 876 canendum
2381 817 2557 872 unice

335 898 511 956 fuerit
553 900 867 975 impulsus,
931 915 1006 954 ex
1049 899 1306 955 clausula
1351 899 1625 956 carminis
1676 907 1935 975 apparet.
2020 889 2190 967 Quod
2233 899 2384 956 vidit
2426 903 2557 974 jam

336 983 767 1054 Romaanus,
809 983 946 1059 qui,
982 983 1296 1040 secundum
1327 978 1632 1040 hebraeam
1664 985 2138 1059 inscriptionem,
2177 981 2392 1040 Davidi
2437 982 2556 1041 hoc

333 1086 561 1125 carmen
600 1069 836 1139 tribuit,
894 1075 1065 1143 atque
1096 1062 1475 1125 Absalonicae
1514 1064 1818 1125 seditionis
1855 1078 2106 1145 tempore
2146 1069 2363 1124 editum
2404 1086 2553 1126 con-

327 1154 490 1226 iicit,
530 1152 717 1222 vidit,
757 1154 1026 1227 inquam,
1081 1153 1199 1224 jam
1239 1153 1370 1223 ille,
1412 1150 1561 1208 hanc
1592 1154 2110 1224 contestationem,
2165 1151 2351 1209 Deum
2395 1155 2554 1210 scire

331 1238 545 1308 omnia,
590 1246 649 1294 et
678 1253 798 1292 non
826 1247 1048 1293 tantum
1078 1238 1359 1308 actiones,
1403 1236 1501 1293 sed
1532 1236 1783 1294 consilia
1811 1229 2006 1309 etiam,
2047 1249 2106 1294 et
2133 1246 2323 1294 motus
2359 1240 2549 1294 animi

332 1324 391 1378 in
416 1309 662 1379 ‘homine
703 1322 1042 1389 universos,
1104 1318 1285 1399 dirigi
1319 1319 1506 1377 videri
1541 1338 1576 1376 a
1610 1317 1835 1377 Davide
1870 1319 1942 1376 ad
1976 1321 2329 1397 probandam
2369 1325 2552 1379 iuno-

327 1406 575 1463 centiam
607 1423 770 1462 suam
803 1402 928 1461 Deo
972 1414 1030 1461 et
1065 1403 1434 1476 hominibuS,
1495 1406 1648 1481 quod
1685 1405 1836 1463 nihil
1864 1407 2141 1464 adversus
2173 1407 2447 1481 populum
2492 1417 2552 1464 et
2608 1397 2623 1406 '⁸

329 1492 571 1566 patriam
605 1490 794 1548 struat
828 1501 929 1547 aut
956 1490 1265 1560 moliatur,
1308 1502 1365 1549 et
1399 1509 1459 1546 se
1485 1508 1692 1548 vacare
1720 1492 1879 1548 omni
1911 1493 2081 1566 culpa
2109 1492 2370 1548 criminis
2399 1493 2550 1565 ejus,

330 1595 442 1650 quo
481 1593 612 1632 eum
650 1576 974 1655 gravabant
1011 1575 1293 1632 seditiosi.
1382 1573 1560 1632 Addit
1600 1584 1827 1647 tamen,
1881 1574 2365 1632 considerandum
2398 1595 2550 1647 esse,

326 1677 558 1730 annon,
622 1661 796 1717 etiam
840 1671 1074 1735 propter
1117 1658 1330 1716 Versus
1367 1660 1461 1717 19.
1505 1666 1563 1716 et
1611 1668 1949 1735 sequentes,
2016 1659 2278 1720 Psalmus
2331 1659 2553 1718 referri

330 1746 510 1820 possit
550 1744 623 1801 ad
665 1743 725 1800 id
768 1745 1077 1820 temporie,
1125 1762 1241 1819 quo
1282 1762 1410 1801 cum
1453 1761 1561 1799 sua
1597 1742 1870 1816 cohorte,
1915 1764 2043 1802 cum
2076 1762 2216 1824 rege
2245 1742 2429 1814 Achi,
2482 1746 2547 1800 in

324 1839 514 1886 castra
557 1827 1043 1885 philisthaeorum
1091 1830 1399 1886 concedere
1436 1846 1665 1884 necesse
1702 1825 1937 1900 habuit,
1998 1829 2070 1886 ad
2113 1828 2552 1904 expeditionem

325 1912 527 1970 horum
561 1924 766 1969 contra
795 1912 1031 1971 Saulem
1057 1925 1115 1969 et
1143 1913 1420 1988 populum
1448 1907 1788 1970 Judaicum:
1828 1914 1913 1969 illi
1942 1915 2095 1970 enim
2125 1915 2370 1988 tempori
2403 1931 2549 1971 sane

320 2000 494 2055 etiam
524 2016 843 2076 congruere
874 1998 1554 2054 talemcontestationem
1590 1994 1659 2052 de
1691 1997 2024 2055 innocentia
2057 1998 2267 2067 animi,
2321 2010 2381 2054 et
2412 2000 2551 2074 pie-

324 2092 444 2139 tate
474 2099 629 2139 vera.
711 2083 860 2140 Aliis
894 2093 1089 2139 autem
1126 2096 1361 2157 propter
1393 2080 1733 2138 Chaldaicos
1775 2091 1832 2138 et
1870 2080 2145 2158 Syriacas
2178 2083 2550 2156 quorundam

322 2167 626 2223 verborum
666 2166 883 2223 formas
928 2176 986 2223 et
1034 2165 1491 2245 significationes
1531 2165 1678 2240 (vid.
1707 2162 1806 2222 Vs.
1842 2169 1899 2223 2.
1928 2168 1989 2223 3.
2022 2169 2078 2226 7.
2108 2164 2243 2242 20.)
2290 2185 2412 2224 non
2459 2181 2554 2227 est

326 2247 663 2323 verisimile,
700 2249 808 2308 hoc
844 2269 1076 2309 carmen
1114 2269 1149 2309 a
1177 2247 1406 2309 Davide
1444 2250 1663 2309 editum
1701 2268 1842 2314 esse.

495 2392 550 2448 l.
633 2387 988 2467 Propositio,
1026 2408 1172 2464 quae
1203 2377 1576 2466 sequentibus
1607 2389 1879 2448 Versibus
1907 2391 2330 2467 elegantissime
2364 2412 2549 2451 exor-

326 2481 518 2531 natur.
605 2484 769 2563 92232
824 2485 1083 2559 Ἶτ-Ῑῆιῖζι,
1124 2471 1455 2531 Scrutaeus
1503 2493 1567 2531 es
1618 2493 1739 2548 me,
1795 2476 2054 2553 adeoque
2093 2478 2409 2554 cognoscis
2452 2498 2547 2536 nse

327 2559 587 2633 penitus,
644 2561 730 2615 ita
768 2557 939 2634 plane
965 2542 1107 2629 ἰιιιί9
1167 2567 1225 2614 et
1261 2560 1534 2634 quicquid
1571 2562 1631 2616 in
1671 2563 1866 2618 animo
1900 2579 2026 2617 meo
2057 2571 2181 2633 est,
2234 2564 2548 2641 cognitum

327 2640 528 2714 habes,
591 2651 660 2701 ut
702 2662 824 2701 rem
864 2645 1203 2720 cognoscit,
1259 2645 1360 2717 qui
1403 2663 1526 2701 eam
1566 2645 1666 2702 diu
1697 2658 1756 2702 et
1792 2645 2104 2724 diligenter
2138 2649 2545 2725 investigavit.

335 2726 409 2786 &d
447 2739 584 2807 &2122
612 2730 831 2804 primae
860 2747 1141 2803 personae
1170 2726 1438 2785 suffixum
1467 2748 1499 2785 e
1530 2748 1703 2799 voce,
1763 2747 1906 2806 quae
1939 2732 2200 2803 proxime
2225 2730 2547 2807 praecedit,

322 2820 405 2869 est
436 2815 827 2889 repetendum,
868 2822 937 2871 ut
970 2816 1112 2887 137,
1134 2811 1193 2871 5.
1240 2815 1300 2869 ἰιι
1342 2826 1506 2874 '2⁵7³'
1552 2813 1802 2891 Γιὲτρτππ.
1884 2813 2133 2883 Verbum
2162 2825 2336 2900 Ἶρι-ι,
2380 2818 2546 2892 quod

320 2895 387 2954 de
415 2899 504 2956 rei
537 2895 766 2957 abditae
800 2908 860 2955 et
891 2900 1147 2956 occultae
1179 2878 1681 2977 pervestigatione*
1698 2882 1929 2975 p'rToprie
1959 2898 2210 2971 dicitur,
2230 2882 2337 2956 ‘de
2369 2903 2546 2959 inda·

319 2983 554 3061 gatione
593 2984 774 3041 animi
816 2993 875 3040 et
916 2981 1224 3042 affectuum
1265 2992 1579 3059 usurpatur
1620 3001 1847 3061 quoque
1896 2986 1922 3040 1
1948 2982 2105 3043 sam.
2137 2986 2240 3058 20,
2275 2986 2371 3043 12.
2417 2985 2539 3044 Jer.

328 3069 420 3141 17,
466 3070 561 3126 10.

385 3166 389 3177 '
437 3214 444 3225 κ
482 3176 542 3233 2.
630 3175 803 3235 Pron.
859 3188 1010 3255 mat}
1061 3175 1366 3233 secundae'
1396 3175 1560 3233 verbi
1609 3191 1888 3250 personae
1935 3196 2057 3237 non
2101 3180 2226 3236 sine
2275 3178 2539 3254 emphasi

322 3261 707 3338 praepositum
738 3273 844 3322 est.
929 3241 1093 3319 Dicit
1118 3262 1339 3318 scilicet
1368 3258 1512 3317 hoc:
1555 3270 1618 3317 tu
1652 3265 1832 3333 solus,
1872 3274 1930 3321 et
1971 3276 2199 3340 praeter
2240 3273 2301 3322 te
2339 3282 2536 3334 nemo,

320 3364 407 3402 me
436 3347 666 3423 penitus
701 3348 998 3426 cognitum
1029 3345 1221 3402 habes.
1310 3343 1505 3402 Verba
1543 3356 1723 3440 ’mm
1766 3347 1940 3429 '’r-2:32?
1985 3349 2224 3421 plurimi
2255 3359 2535 3405 vertunt:

317 3430 521 3488 sedere
557 3449 741 3487 meum
780 3441 842 3488 et
885 3446 1135 3509 surget-e
1172 3447 1387 3500 meum,
1443 3430 1479 3485 i.
1505 3449 1552 3486 e.
1585 3429 1797 3489 latine:
1841 3429 2157 3507 sessionem
2199 3442 2258 3490 et
2301 3441 2538 3489 statuas

322 3531 534 3587 meum,
593 3534 661 3572 ac
702 3518 752 3573 si
796 3517 943 3574 illud
985 3513 1127 3603 1733}
1170 3524 1320 3571 esset
1359 3514 1688 3589 infinitivus
1734 3517 1895 3574 verbi
1941 3518 2065 3602 :tt—52
2104 3516 2347 3590 sedere‚·
2414 3536 2534 3594 quo

321 3609 486 3671 pacto
525 3597 917 3677 Hieronymus
949 3603 1122 3659 etiam
1152 3601 1465 3657 sessionem
1499 3598 1555 3655 h.
1589 3599 1624 3655 l.
1655 3603 1851 3658 vertit.
1935 3601 2054 3659 Nec
2090 3603 2537 3679 improbandum

318 3694 437 3755 est,
495 3685 547 3741 si
585 3685 670 3740 ita
713 3683 784 3748 τὸ
829 3684 973 3773 ηζμρ
1023 3702 1223 3759 capere
1262 3684 1536 3758 libuerit3
1608 3703 1739 3742 nam
1782 3695 1841 3743 et
1885 3690 1967 3744 ita
2006 3696 2229 3744 veteres
2273 3688 2540 3763 plerique

322 3767 674 3843 interpretes.
762 3771 891 3846 Sed·
926 3770 1155 3828 videtur
1205 3767 1314 3826 hoc
1359 3770 1490 3826 loco
1541 3779 1683 3835 nam
1739 3773 1933 3846 potius
1980 3772 2057 3830 ad
2099 3770 2339 3833 verbum
2386 3770 2539 3858 ΠΞ-ῗρ

321 3853 653 3927 quiescere,
717 3855 1115 3915 referendum:
1184 3863 1250 3909 tu
1313 3853 1479 3910 nosti
1539 3853 1791 3931 quietem
1849 3874 2068 3929 meam,
2146 3870 2538 3929 nocturnam3

318 3938 618 4011 quiescere
657 3960 842 4001 meum
878 3949 939 3997 et
982 3956 1249 4015 surgere.
1335 3934 1505 3996 Certe
1541 3940 1626 3995 ita
1659 3939 1799 4027 173³?
1836 3942 2174 3998 sumendum
2207 3959 2375 4012 esse,
2413 3942 2539 4001 cla-

320 4021 542 4080 rissime
588 4036 816 4084 constat
863 4042 938 4082 ex
981 4025 1122 4097 127,
1150 4024 1252 4095 2.,
1322 4023 1425 4080 uhi
1477 4023 1922 4104 hap-'qwsstjq
1974 4036 2032 4083 et
2088 4024 2537 4108 nnss-22nt3-23

315 4107 600 4165 matutine
637 4120 987 4187 surgentes,
1034 4119 1094 4167 et
1130 4126 1271 4166 sera
1312 4116 1487 4165 ’cocle
1529 4125 1726 4166 somno
1769 4106 1853 4167 σε’
1877 4110 2089 4171 dantes
2130 4089 2544 4186 eRponem-l'uni

314 4209 470 4261 csse,
512 4193 636 4267 ipsa
673 4197 827 4253 ratio
868 4193 1050 4251 docet.
1136 4190 1500 4265 Quiesceudi
1537 4200 1732 4250 autem
1771 4193 1949 4253 verba
1983 4193 2055 4250 ad
2090 4197 2541 4266 recreationem,

315 4292 460 4349 quae
492 4294 566 4335 ex
595 4296 798 4335 somno
830 4279 1089 4352 capitur,
1145 4280 1379 4355 proprie
1410 4279 1711 4353 usurpari,
1765 4277 1828 4339 in
1860 4281 2126 4338 omnibus
2159 4280 2276 4337 fere
2305 4281 2540 4358 linguis

319 4369 607 4436 receptum
640 4371 744 4418 est.
827 4361 1022 4439 Ipsum
1050 4362 1286 4421 verbum
1316 4359 1461 4450 ”3²25
1492 4362 1777 4423 Arabibus
1815 4364 1884 4423 de
1919 4365 2112 4441 quiete
2148 4364 2339 4423 somni
2382 4362 2547 4420 cele-

2108 4522 2119 4549 ι’
