2747 4800
342 302 488 379 596
1103 319 1113 329 ’
1207 301 1329 439 ξε.
1393 293 1554 384 ιι6,
1607 309 1682 369 11,

226 502 241 513 '
344 495 472 555 vita
513 496 811 569 suppetet,
866 498 1027 547 tuum
1073 501 1288 545 nomen
1321 483 1480 543 inter
1515 481 1780 543 homines
1825 482 2131 543 celebrare.
2214 481 2399 543 Serva
2441 501 2548 544 nos

345 574 530 659 igitur
570 576 694 632 non
728 584 966 647 nostra,
1022 568 1123 630 sed
1155 572 1246 629 tui
1278 568 1531 628 nominis
1570 586 1765 626 causa.
1846 568 1915 626 ln
1938 567 2041 626 'liis
2074 570 2381 659 postremis
2406 568 2553 628 Ver·

341 662 510 721 ‘sibus
564 660 711 716 latet
762 667 934 735 atque
980 653 1301 714 includitur
1345 651 1649 729 ejusmodi»
1674 653 1868 732 aliqua
1908 653 2158 730 petitio,
2235 670 2382 733 quae
2427 671 2553 714 cum

329 740 336 752 '
349 744 640 823 principio
684 742 960 802 carminis
996 740 1336 801 conveniat,
1412 822 1417 827 .
1902 756 1905 759 ·

1305 925 1424 987 1²⁸.
1472 925 1609 988 116.

525 1047 761 1107 Gratias
794 1045 921 1125 agit
947 1040 1162 1116 Jovae,
1212 1044 1315 1121 qui
1345 1044 1611 1103 liberarit
1642 1044 1733 1103 vel
1770 1042 2085 1120 populum,
2137 1044 2231 1102 vel
2263 1052 2559 1105 nudor-em

352 1134 569 1194 Psalmi
592 1132 808 1209 potius,
848 1138 906 1186 et
935 1149 968 1187 e
998 1139 1182 1187 morte
1210 1131 1358 1204 ipsa,
1395 1136 1454 1187 et
1486 1149 1519 1187 e
1550 1131 1821 1188 maximis
1854 1141 1912 1185 et
1943 1127 2260 1186 mortiferis
2287 1130 2561 1205 periculis

356 1240 426 1278 ac
464 1218 750 1288 miseriis,
821 1232 1068 1291 quorum
1111 1212 1572 1292 magnitudinem
1615 1213 1807 1272 verbis
1851 1223 2205 1292 exaggerat,
2266 1224 2334 1272 ut
2374 1216 2562 1294 magis

356 1312 708 1383 agnoscatur
739 1298 1079 1357 beneficium
1107 1296 1254 1370 Dei,
1308 1315 1425 1374 quo
1457 1295 1711 1378 gaudere
1742 1316 1803 1353 se
1836 1307 1894 1354 et
1924 1297 2131 1355 laetari
2162 1299 2451 1367 ostendit3
2506 1309 2564 1355 et

338 1409 393 1447 a
419 1388 544 1446 Deo
575 1403 699 1444 esse
726 1384 972 1441 salutem
1003 1400 1249 1454 omnem,
1292 1377 1587 1440 hominem
1612 1383 1737 1439 sine
1763 1380 1914 1453 Deo,
1958 1392 2017 1439 et
2044 1400 2206 1457 opem
2240 1384 2383 1456 ejus,
2416 1380 2567 1439 nihil

335 1491 501 1533 esse.
588 1468 705 1529 Sed
737 1486 852 1546 quo
882 1468 1135 1547 gratiam
1164 1463 1290 1523 Deo
1315 1463 1626 1542 rependat,
1688 1464 1831 1522 dicit
1867 1483 1928 1523 se
1963 1463 2114 1522 nihil
2141 1465 2351 1525 habere
2381 1459 2565 1539 aliud,

333 1575 531 1636 .quam
559 1560 630 1612 ut
666 1566 806 1633 agat
839 1553 895 1609 ei
928 1550 1157 1623 verbis,
1216 1560 1277 1609 et
1311 1559 1669 1611 contestetur
1706 1548 2082 1625 beneficium,
2136 1561 2308 1627 atque
2349 1549 2476 1609 hoc·
2503 1570 2566 1608 se

357 1639 706 1700 sacrificium
740 1635 931 1695 laudis
973 1645 1032 1695 et
1069 1633 1478 1692 celebrationis
1517 1653 1692 1709 suae,
1748 1652 1867 1693 una
1908 1652 2038 1693 cum
2078 1637 2233 1693 voti·
2274 1637 2398 1693 suis
2435 1654 2569 1713 per-

357 1727 689 1786 soluturum
730 1739 871 1778 esse.

532 1804 709 1867 Hunc
741 1803 1033 1863 Psalmum
1066 1802 1248 1881 aliqui
1279 1797 1352 1862 ad
1386 1801 1549 1861 illam
1575 1801 1883 1863 historiam
1913 1798 2275 1863 referendum
2310 1814 2573 1878 censent,

364 1912 510 1973 quae
549 1890 898 1950 describitur
942 1892 969 1944 l
995 1887 1154 1948 Sam.
1189 1889 1325 1960 23„
1383 1887 1613 1964 quando
1654 1901 1693 1945 a
1728 1886 2004 1965 ziphaeis
2051 1886 2317 1966 proditus
2355 1885 2576 1961 David,

361 1998 566 2057 parum
607 1974 826 2048 abfuit,
881 1975 1026 2051 quin
1061 1990 1098 2032 a
1138 1971 1339 2032 Saulis
1382 1975 1641 2033 exercitu
1679 1971 2269 2051 comprehenderetur.
2353 1974 2472 2033 Sed
2512 1976 2577 2030 in

364 2075 623 2122 extremo
661 2058 850 2119 Versu
887 2054 1107 2118 mentio
1149 2057 1218 2116 fit
1261 2058 1424 2117 urbis
1466 2055 2071 2135 Hierosolymitanae,
2132 2076 2279 2135 quae
2312 2068 2578 2134 tempore

365 2148 562 2207 Saulis
593 2142 782 2202 adhuc
811 2162 984 2221 penes
1017 2140 1328 2200 jebusaeos
1356 2150 1507 2215 erat,
1537 2141 1782 2200 necdum
1812 2139 1988 2200 Jovae
2016 2152 2404 2201 consecratae.
2453 2143 2580 2201 Alii

365 2235 551 2309 igitur
586 2237 715 2305 post
746 2236 1047 2302 superatas
1079 2224 1463 2286 Absalonicae
1505 2226 1835 2284 rebellionis
1876 2227 2130 2303 pericula
2167 2237 2226 2284 et
2265 2226 2577 2304 perturba-

364 2317 558 2374 tiones
600 2312 890 2370 Psalmum
919 2309 1074 2383 hunc
1107 2331 1143 2369 a
1171 2309 1397 2369 Davide
1427 2308 1642 2369 factum
1678 2311 2052 2386 existimant,
2110 2321 2175 2370 et
2202 2312 2356 2388 quod
2393 2314 2581 2369 resti·-

367 2409 529 2458 tutus
570 2408 696 2456 tuin
732 2400 915 2477 regno
949 2394 1091 2454 haec
1127 2406 1265 2455 vota
1305 2397 1670 2470 persolverit.
1752 2396 1881 2458 Alii
1907 2394 2019 2454 hoc
2050 2414 2279 2455 carmen
2317 2407 2580 2474 tempore

365 2500 566 2543 recens
601 2483 664 2539 in
692 2481 963 2540 Sinnium
997 2479 1272 2541 deductae
1301 2498 1492 2553 arcae,
1534 2499 1728 2538 coram
1757 2499 1894 2539 arca
1920 2492 1979 2539 et
2009 2481 2222 2558 populo
2250 2482 2578 2540 deducente

366 2555 737 2626 decantatum
775 2566 1144 2640 existimant,
1204 2582 1386 2642 eoque
1427 2566 1654 2644 gratias
1693 2564 1876 2624 Jovae
1915 2568 2104 2646 egisse
2140 2563 2428 2625 Davidem
2463 2585 2579 2643 pro

337 2641 637 2710 'omnibus
680 2649 754 2710 ad
796 2649 946 2708 illud
993 2659 1215 2727 tempus
1261 2669 1444 2727 usque
1493 2624 1745 2725 aceeptus
1793 2668 1831 2706 a
1872 2646 1999 2708 Deo
2042 2649 2371 2719 beneficiis;
2436 2652 2584 2709 coll.

367 2735 588 2795 2Sam.
611 2738 672 2808 7,
706 2738 760 2792 1.
843 2732 954 2793 Cui
985 2733 1306 2793 sententiae
1335 2736 1584 2791 maxime
1616 2734 1777 2794 favet
1807 2745 2130 2812 postremus
2163 2734 2416 2810 Versus,
2462 2755 2585 2816 quo

369 2822 652 2879 atriorum
682 2820 883 2878 donnus
914 2816 1116 2893 Jorae,
1158 2828 1216 2878 et
1240 2817 1809 2896 Hierosolymitanae
1839 2820 2000 2877 urbis
2027 2820 2094 2878 fit
2122 2822 2363 2877 mentio.

540 2904 765 2963 Graeca
800 2904 1225 2977 Alexandrina,
1281 2914 1373 2976 et,
1430 2922 1576 2979 quae
1615 2902 1762 2962 hanc
1805 2905 2100 2981 sequitur,
2153 2904 2364 2963 Latina
2410 2916 2590 2965 vetus

333 2989 338 2994 ’
367 2990 810 3067 interpretatio,
864 3009 971 3049 ncc
1003 3006 1122 3049 non
1150 2989 1431 3060 Arabica,
1472 2985 1755 3045 dirimunt
1782 2987 1892 3047 hoc
1922 3007 2149 3046 carmen
2180 2989 2246 3046 in
2279 2986 2430 3049 duos
2459 2991 2588 3051 dix-

367 3077 585 3134 tinctos
619 3073 918 3147 Psalmos,
964 3092 1209 3152 quorum
1242 3073 1388 3130 alter
1419 3072 1661 3149 incipiat
1695 3092 1730 3131 a
1760 3071 1940 3130 Versu
1973 3074 2226 3144 decimo,
2269 3083 2327 3131 et
2355 3073 2472 3134 hoc
2509 3097 2588 3135 ne

335 3158 508 3236 'quid
553 3158 748 3216 turbet
789 3160 852 3214 in
893 3177 1164 3231 numero,
1217 3159 1317 3235 qui
1356 3166 1446 3214 est
1485 3175 1520 3213 a
1561 3155 1792 3216 Psalmo
1830 3158 2087 3230 decimo,
2147 3162 2595 3233 conjunxerunt

368 3243 661 3302 Psalmum
693 3243 832 3298 114.
865 3254 923 3301 et
952 3243 1125 3314 115„
1185 3251 1252 3299 ut
1282 3244 1342 3299 in
1381 3242 1516 3298 146.
1555 3260 1759 3299 rursus
1790 3252 2103 3301 concurrat
2131 3259 2261 3301 cum
2295 3243 2592 3304 Hebraeis

367 3329 714 3385 numeratio.
798 3324 915 3387 Sed
942 3326 1303 3387 manifestum
1330 3336 1439 3397 est,
1479 3328 1805 3384 continuari
1836 3327 1970 3386 inde
1996 3339 2034 3385 'a
2062 3325 2245 3384 versu
2275 3330 2370 3386 10.
2399 3348 2595 3411 argu-

368 3422 625 3470 mentum
653 3415 1052 3486 superioribus
1078 3409 1435 3484 inchoatum,
1463 3421 1524 3468 et
1550 3409 1765 3468 Versus
1795 3412 1858 3468 9.
1887 3412 1972 3468 ita
2001 3430 2130 3469 cnm
2154 3413 2253 3471 10.
2280 3432 2595 3474 connexus

370 3505 482 3571 est,
520 3507 587 3554 ut
626 3515 807 3554 unum
849 3499 1111 3576 idemque
1151 3513 1382 3553 carmen
1421 3512 1546 3558 esse
1581 3497 1910 3553 convincat.

547 3616 601 3671 1.
684 3611 827 3672 Post
867 3624 1091 3702 «φης
1129 3613 1233 3672 alii
1269 3610 1623 3670 subaudiunt
1660 3613 1853 3686 ffiw,
1905 3633 1980 3672 ex
2016 3614 2386 3692 sequentihus
2417 3636 2598 3677 assu·

368 3699 672 3771 mendum,
725 3697 839 3758 hoc
871 3681 1087 3777 prioris
1128 3695 1480 3755 hemistichii
1521 3679 1740 3772 sensu?
1787 3677 1971 3778 diligo
2003 3693 2247 3772 Jovam,
2304 3705 2604 3778 quoniam

368 3785 496 3857 ipse
529 3780 694 3840 audit
727 3802 923 3860 preces
953 3798 1144 3857 mess3
1205 3783 1337 3839 aliis
1378 3801 1518 3841 vero
1559 3782 1744 3859 diligo
1790 3781 1847 3841 h.
1879 3784 1917 3840 1.
1960 3782 2110 3843 idem
2148 3793 2237 3842 est
2278 3784 2440 3861 quod
2485 3786 2601 3845 de-

369 3866 576 3940 lector,
613 3878 680 3925 ut
713 3866 826 3926 Jes.
859 3867 961 3941 56,
989 3872 1082 3928 10.
1125 3863 1244 3925 Jer.
1276 3864 1336 3938 5,
1364 3869 1468 3925 31.
1507 3868 1682 3926 Amos
1711 3870 1775 3940 4,
1803 3866 1895 3944 5.,
1946 3867 2057 3926 hoc
2086 3888 2290 3928 sensu:
2329 3881 2601 3947 graman

369 3960 463 4009 est
498 3948 677 4024 mihi,
734 3952 891 4029 quod
927 3952 1085 4022 Iona
1122 3970 1210 4010 me
1252 3950 1462 4024 audit,
1515 3954 1640 4010 vel:
1697 3971 2052 4029 summopere
2079 3954 2405 4013 desideravi
2439 3959 2601 4016 mein

331 4107 338 4116 α
368 4037 435 4093 in
468 4037 773 4113 periculis,
821 4046 888 4094 ut
916 4036 1062 4098 lova
1090 4054 1247 4097 meu
1279 4056 1474 4113 preces
1504 4035 1750 4095 audiret.
1835 4050 2051 4128 *ganz-,312
2098 4034 2410 4125 ἠὴρ-ηεξ
2465 4040 2600 4099 Vo-

371 4138 495 4176 cem
533 4137 734 4193 meam,
782 4131 840 4179 et
881 4120 1333 4203 deprecationes
1364 4139 1544 4194 meas,
1586 4120 1930 4198 asyndeton,
1967 4124 2081 4194 vel,
2119 4131 2185 4180 ut
2212 4125 2315 4202 alii
2346 4126 2600 4198 volunt,

370 4205 692 4280 appositio,
757 4223 953 4264 vocem
1006 4226 1221 4281 meam,
1279 4205 1729 4285 deprecationes
1776 4224 1969 4279 meas,
2035 4207 2202 4282 quasi
2247 4206 2599 4268 diceretur:

365 4305 564 4345 vocem
600 4305 782 4346 meam
819 4293 1130 4369 supplicem
1172 4309 1239 4352 ac
1273 4290 1714 4365 deprecativam.
1796 4289 2201 4350 Aben-Esra:
2260 4291 2599 4351 subaudita

359 4370 626 4445 ‘praefixo
666 4381 706 4432 2
741 4386 874 4434 ante
914 4388 1118 4454 'surm
1156 4374 1466 4436 transfert:
1509 4393 1709 4436 vocem
1738 4394 1922 4436 meam
1952 4377 2015 4434 in
2047 4368 2599 4457 deprecationibus
