2747 4800
345 258 507 330 -600
727 222 765 333 J
883 229 896 241 ”
1291 263 1417 332 Pa.
1493 259 1654 351 ne.

358 446 656 525 frequenti
691 444 1113 528 gwnil-utinm
1147 445 1531 508 multitudine
1569 447 1878 512 comitatus
1908 445 2375 507 ‘sabernaculum
2404 443 2579 517 adiit,

355 543 428 597 ‚ut
453 532 631 591 Jovae
655 532 877 612 gratias
905 543 1125 612 ageret.
1177 530 1457 610 Temperi
1480 535 1780 611 aliquanto
1806 533 2016 603 seriori
2046 550 2277 591 carmen
2309 533 2579 610 assignat

362 614 784 675 Rumxcnnus.
866 608 1304 690 „mammen
1345 627 1415 677 ut
1447 616 1621 677 babet
1653 635 1823 676 sacra
1849 615 2134 689 historia,
2184 616 2361 692 primi
2390 614 2576 686 fuere,

362 718 441 757 ex
473 697 790 757 cananaeis
821 702 1112 780 gentibus,
1153 704 1256 782 qui
1290 712 1497 761 contra
1524 699 1829 775 Davidem,
1871 711 2176 777 postquam
2205 719 2312 757 rex
2338 700 2576 758 Israeli-

365 785 516 841 ticus
545 794 772 841 creatus
801 785 915 844 fuit
932 826 951 856 ,
1001 780 1707 860 exercitum'ednxernnt,
1760 804 1939 865 quum
1970 787 2127 843 inter
2152 784 2262 842 hos
2295 786 2361 841 in
2389 782 2574 841 exilio

368 867 609 928 Saulico
652 887 758 930 suo
798 871 1121 943 exulasset,
1172 873 1373 948 paucis
1405 873 1575 930 annis
1607 881 1778 944 ante,
1832 868 1986 947 apud
2015 888 2211 952 regem
2239 868 2578 939 Gatbicum‚

368 953 471 1029 qui
501 962 559 1010 et
587 950 811 1011 Gathae
843 964 903 1017 et
934 952 1238 1035 Siclagae'‚
1297 957 1503 1029 ipsiet
1530 956 1762 1014 cohorti
1786 955 1910 1029 ejus
1940 952 2131 1012 sedem
2158 953 2465 1030 praebuit,
2523 962 2581 1009 et

365 1057 497 1101 cum
528 1034 653 1110 his,
692 1047 894 1104 contra
928 1037 1161 1098 Saulem
1192 1049 1469 1099 evocatus
1497 1059 1535 1098 a
1562 1059 1702 1119 rego
1727 1039 2016 1113 Gathieo,
2056 1040 2120 1096 in
2150 1038 2582 1115 expeditionem

366 1138 504 1179 suos
547 1123 612 1178 in
657 1133 852 1181 castra
889 1121 1248 1182 philisthaea
1285 1124 1527 1198 eduxit,
1589 1137 1657 1182 ut
1686 1144 1817 1183 cum
1849 1124 1993 1200 ipsis
2030 1133 2237 1181 contra
2268 1121 2581 1199 populares

367 1210 528 1279 suos,
554 1217 872 1284 contraque
898 1209 1145 1285 patriam
1172 1220 1232 1268 et
1255 1228 1456 1289 regem,
1480 1204 1674 1285 hujus,
1699 1209 1954 1281 Saulem,
1979 1206 2281 1265 militaret.
2323 1205 2589 1281 Accessit

254 1302 276 1341 ι’
365 1288 446 1347 'ad
485 1289 659 1365 hacc,
714 1291 898 1370 quod,
928 1311 1084 1350 cum
1120 1293 1185 1371 in
1218 1294 1352 1354 aula
1384 1293 1619 1367 Saulis,
1676 1295 1919 1352 militiae
1951 1289 2584 1369 externae⁸praefectus

309 1382 317 1397 ¹
367 1372 564 1433 David
594 1385 768 1448 esset,
809 1375 1127 1452 plurimum
1156 1378 1247 1437 liis
1276 1376 1472 1436 damni
1502 1376 1777 1453 inferret,
1818 1396 2004 1456 neque
2033 1395 2166 1435 cum
2194 1376 2335 1433 ullis
2365 1375 2500 1452 plus
2529 1375 2586 1431 ei

366 1468 522 1517 esset
553 1462 801 1541 negotii.
883 1460 1087 1537 ltaque
1120 1473 1180 1522 et
1208 1472 1460 1521 veterem
1490 1460 1714 1521 bostem
1745 1474 1804 1521 et
1835 1461 2120 1535 hospitem
2149 1479 2339 1532 suum,
2381 1477 2584 1539 regem

325 1588 329 1593 .
357 1544 483 1617 'jam
511 1542 759 1618 factum,
799 1553 1085 1605 attentare
1111 1550 1455 1620 voluerunt,
1495 1549 1849 1624 pertinacius
1879 1564 2053 1622 quam
2079 1545 2237 1602 ullae
2267 1553 2474 1625 gentes
2506 1560 2586 1601 ex

299 1676 306 1681 .
368 1630 582 1687 vicinis
611 1639 849 1689 ceterae.
912 1628 1040 1688 Rex
1066 1632 1254 1711 igitur
1277 1632 1401 1704 jam
1432 1631 1788 1690 israeliticus
1813 1629 2031 1709 David,
2069 1630 2278 1703 sexies,
2314 1640 2385 1686 ut
2412 1639 2582 1703 puto,

361 1732 501 1785 cum
528 1711 902 1772 Philistbaeis
930 1733 1192 1795 pugnare
1219 1733 1450 1773 necesse
1478 1713 1715 1789 babuit,
1759 1717 1848 1776 bis
1879 1724 2016 1773 ante
2043 1724 2409 1773 exstructum
2436 1712 2586 1771 Zio-

367 1800 530 1859 nium
571 1793 821 1877 (2Sam.
857 1794 946 1873 5.)
988 1810 1046 1857 et
1086 1810 1290 1882 quater
1328 1810 1462 1877 post
1499 1800 1894 1859 introductam
1934 1814 2166 1872 arcam;
2221 1799 2292 1857 de
2327 1808 2586 1874 quatuor

367 1883 596 1959 quidem
623 1885 860 1960 praeliis
897 1883 1112 1947 diserte
1149 1884 1428 1942 scribitur
1464 1883 1675 1943 2Sam.
1706 1885 1810 1942 21.
1892 1882 2088 1942 Primo
2125 1892 2319 1941 autem
2360 1882 2589 1959 praelio

367 1986 441 2047 ex
469 1965 560 2026 his
587 1978 838 2045 quatuor
868 1967 932 2030 in
958 1968 1284 2046 periculum'
1304 1969 1514 2028 incidit
1527 1967 2024 2028 Jesbibenobicum
2052 1963 2122 2045 (2
2137 1967 2292 2029 Sam.
2309 1969 2415 2040 21,
2438 1964 2590 2044 lu),

370 2070 406 2107 u
444 2070 557 2130 quo
600 2052 940 2111 interfectus
980 2052 1223 2127 fuisset,
1284 2053 1406 2112 nisi
1444 2056 1830 2113 succurrisset
1868 2052 2154 2112 Abisaias.
2234 2051 2377 2110 Post
2423 2052 2590 2108 iilam

367 2137 555 2214 igitur
585 2136 916 2211 victoriam,
958 2137 1055 2196 vel
1081 2149 1383 2216 sequentes
1412 2140 1587 2197 etiam
1621 2139 1844 2216 aliquot
1874 2136 1968 2197 vel
1999 2138 2303 2196 universas
2336 2153 2589 2212 quoque,

370 2230 429 2276 et
459 2221 792 2279 introducta
824 2224 943 2296 jam
976 2222 1085 2279 boc
1117 2224 1556 2302 etepinicium,
1609 2235 1670 2283 et
1695 2222 2120 2305 gratulatoriae
2152 2222 2591 2279 acclamationis

311 2358 324 2372 ,
368 2322 601 2362 carmen
642 2303 864 2363 Psalmi
915 2304 1088 2381 hujus
1132 2307 1349 2366 factum
1387 2306 1621 2368 videtur
1665 2306 1901 2386 populo.
1918 2309 1958 2341 “
2043 2304 2162 2365 Sed
2204 2325 2339 2364 vere
2390 2315 2591 2362 monet

369 2385 636 2447 VENEMA
674 2385 1101 2474 (commentar.
1131 2392 1196 2450 in
1227 2390 1356 2453 Pes.
1387 2391 1527 2451 Vol.
1555 2391 1652 2451 vl.
1692 2413 1745 2470 p.
1785 2386 1986 2468 130.)‚
2030 2394 2198 2468 plura
2230 2392 2419 2450 inesse
2452 2388 2592 2447 huic

369 2469 635 2547 Psalmo,
689 2491 836 2548 quae
858 2472 1079 2535 Davidi
1106 2487 1212 2534 aut
1244 2477 1368 2551 ejus
1404 2478 1764 2554 temporibus
1794 2480 2030 2537 omnino
2064 2495 2184 2534 non
2213 2477 2589 2534 conveniant.

367 2554 783 2636 Praeterquam
836 2560 992 2617 enim
1033 2560 1188 2637 quod
1230 2578 1443 2619 nomen
1484 2560 1786 2636 Davidis,
1849 2573 2123 2639 tanquam
2166 2563 2466 2633 auctoris,
2524 2560 2591 2616 in

369 2638 564 2722 frpnte
603 2661 724 2700 non
766 2653 965 2722 gerat,
1025 2661 1133 2703 nec
1171 2647 1357 2704 ullum
1392 2646 1682 2723 praeferat
1708 2648 2071 2727 distinguens
2101 2643 2350 2706 Davidis
2380 2639 2592 2725 κριτή-

287 2797 294 2804 ,
370 2731 524 2802 ριὀν,
569 2727 749 2800 illud,
793 2728 946 2804 quod
968 2731 1224 2806 populus
1255 2729 1554 2789 Hebraeus
1589 2732 1654 2790 in
1685 2727 2011 2803 Israelem,
2049 2728 2274 2789 domum
2299 2730 2594 2800 Aur-onis,

369 2820 430 2869 et
474 2811 745 2870 timentes
782 2812 995 2872 Jovam
1036 2816 1348 2874 distinctus
1392 2815 1490 2873 Vs.
1524 2818 1586 2874 2.
1616 2816 1677 2877 3.
1707 2819 1768 2874 4.
1812 2824 2085 2893 apparet,
2146 2835 2183 2873 a
2230 2813 2592 2890 temporibus

369 2893 637 2970 Davidis,
675 2908 734 2955 et
765 2897 1036 2972 aliorum,
1068 2903 1171 2977 qui
1200 2901 1387 2977 ipsum
1418 2902 1647 2977 sequuti
1674 2912 1839 2973 sunt,
1866 2918 2092 2980 regum,
2133 2900 2300 2976 plane
2332 2900 2596 2957 alienum

370 2990 478 3038 est.
559 2980 759 3060 Neque
783 2980 1000 3043 Davidi
1030 2987 1338 3066 congruit,
1394 2984 1552 3064 quod
1582 2983 1682 3045 Vs.
1716 2988 1811 3044 10.
1849 3001 2043 3043 omnes
2084 2994 2282 3063 gentes
2313 2983 2598 3059 populum

371 3075 432 3122 et
465 3059 664 3124 ducem
696 3067 820 3140 ejus
853 3067 1139 3127 invasisse
1169 3079 1230 3129 et
1262 3071 1519 3128 cinxisse
1547 3070 1836 3130 dicuntur.
1920 3067 2116 3128 David
2154 3069 2329 3127 initio
2370 3085 2408 3124 a
2448 3071 2597 3126 solis

367 3147 746 3212 Philistbaeis
784 3150 898 3212 fuit
937 3154 1187 3230 petitus3
1246 3154 1370 3232 ipse
1404 3165 1604 3231 postea
1640 3155 1868 3214 vicinas
1906 3161 2109 3234 gentes
2145 3153 2310 3211 bellis
2346 3151 2596 3210 adortus

374 3243 484 3299 est.
541 3232 739 3311 Neque
779 3255 878 3312 per
911 3256 983 3295 ea
1015 3238 1167 3298 bella
1191 3236 1447 3297 Davides
1480 3239 1554 3298 ad
1584 3248 1779 3297 tantas
1811 3239 2115 3316 angustias
2148 3236 2266 3294 fuit
2293 3237 2593 3310 redactus,

373 3319 570 3395 quales
603 3318 698 3377 hic
732 3319 1000 3380 Psalmus
1027 3322 1322 3384 describit.
1385 3323 1652 3400 Denique
1676 3324 1829 3382 haud
1855 3323 2028 3381 facile
2054 3321 2434 3401 intelligitur,
2473 3342 2597 3399 quo

372 3420 544 3460 sensu
578 3402 831 3464 Davides
863 3403 1020 3485 lapis
1065 3406 1140 3465 ab
1180 3405 1676 3481 aedificatoribus
1715 3415 1960 3487 spretus
2000 3415 2060 3464 et
2096 3418 2301 3463 contra
2328 3408 2607 3474 omnium

372 3489 855 3564 exspectationem
897 3498 1087 3570 caput
1129 3493 1339 3570 anguli
1366 3492 1595 3565 factus
1645 3504 1803 3553 tecte
1846 3491 1966 3553 dici
2008 3492 2192 3567 possit
2230 3487 2417 3549 Versu
2452 3493 2599 3566 223

373 3587 550 3646 quum
583 3572 646 3630 in
674 3573 862 3635 oculis
887 3585 947 3634 et
975 3577 1185 3636 animis
1211 3580 1410 3655 populi
1435 3595 1657 3655 semper
1683 3577 1885 3650 fuerit,
1927 3585 1987 3634 et
2014 3594 2052 3633 a
2078 3574 2261 3634 Saulo
2290 3584 2351 3632 et
2377 3576 2596 3633 aulicis

374 3657 563 3736 magis
594 3670 668 3715 ex
696 3668 872 3731 metu,
910 3678 1081 3736 quam
1109 3672 1424 3735 contemtu,
1463 3661 1792 3737 infestatus,
1828 3660 1977 3737 lapis
2011 3656 2320 3717 haberetur
2347 3657 2426 3716 ad
2457 3678 2599 3718 eum

373 3757 542 3798 usum
579 3741 905 3801 destinatus
943 3754 1004 3801 et
1053 3756 1248 3820 aptus.·
1317 3747 1411 3806 Ad
1451 3744 1758 3820 Euhium,
1816 3765 1983 3824 quem
2026 3753 2258 3801 constat
2300 3745 2408 3806 sub
2452 3745 2601 3802 belli

374 3824 725 3883 atrocissimi
752 3829 1005 3901 pericula
1037 3821 1239 3888 letb‘ali
1273 3831 1476 3890 morbo
1511 3842 1902 3907 prostratum,
1959 3827 2057 3886 sed
2084 3829 2424 3887 restitutum
2449 3840 2602 3887 vota

375 3908 610 3982 publica
646 3911 960 3971 reddidisse
987 3910 1151 3987 Deo,
1209 3917 1273 3974 in
1305 3917 1505 3993 populi
1533 3918 1813 3975 comitatu
1846 3913 2042 3973 aedem
2077 3909 2256 3974 Jovae
2284 3916 2603 3988 salutasse,

375 4002 551 4068 atque
579 3995 849 4054 miraculi
872 4001 1206 4059 memoriam
1239 4001 1594 4062 carminibus
1630 4003 1886 4064 voluisse
1914 4014 2258 4056 conservare
2295 3995 2447 4074 (vid.
2475 3998 2600 4058 les.

378 4075 484 4147 38,
519 4080 611 4135 19.
636 4077 795 4153 200,
833 4098 1065 4140 carmen
1096 4086 1276 4144 refert
1306 4083 1732 4147 nonomen«.
1800 4085 1919 4162 Sed
1944 4081 2188 4140 Versum
2213 4081 2319 4140 22.
2347 4084 2604 4146 nonnisi

376 4179 652 4238 perquam
694 4175 890 4222 coacte
932 4164 1006 4223 ad
1046 4165 1316 4227 Hiskiam
1358 4170 1552 4242 trabi,
1608 4179 1765 4230 recte
1794 4165 2049 4227 Dathius
2083 4167 2332 4225 monuit·
2416 4165 2606 4236 Quod

375 4245 532 4314 enim
575 4243 924 4322 Doederlein
969 4253 1301 4326 existimat,
1371 4252 1644 4314 Hiskiam
1688 4255 1975 4329 rejectum
2016 4252 2088 4310 ab
2133 4249 2606 4329 aedificantibus

373 4327 628 4428 {opidum
680 4333 965 4407 appellari
1006 4338 1297 4414 potuisse,
1365 4340 1524 4428 quod
1565 4359 1697 4408 eum
1739 4348 1972 4402 senatus
2014 4337 2212 4415 populi
2252 4336 2485 4400 Judaioi
2531 4346 2609 4396 ut
