2747 4800
366 214 517 286 322
1135 218 1255 284 Ps.
1301 216 1421 306 49,
1479 214 1816 306 16—19.

547 397 645 458 16.
734 397 897 478 Ego,
948 407 1110 458 vates
1141 401 1369 477 inquit,
1420 402 1691 461 fiduciam
1726 402 1788 458 in
1810 398 1940 459 Deo
1969 401 2286 480 collocari,
2344 397 2445 480 qu'i
2485 422 2573 463 me

375 507 406 545 e
434 485 708 559 periculis
740 485 977 542 summis
1012 494 1182 559 atque
1217 486 1290 544 ab
1318 489 1503 545 exitio
1541 490 1663 562 ipso
1695 487 1921 562 eripiet.
2005 481 2171 567 b'qui
2201 518 2286 529 -—·
2325 499 2416 573 ἧς
2464 486 2572 544 Ve-

376 578 704 627 rumtamen
754 566 917 626 Deus
958 569 1211 627 redimet
1252 572 1509 630 animan
1544 589 1726 628 meam
1759 590 1798 626 a
1838 589 2041 642 manu,
2097 570 2384 648 potestate
2425 573 2573 642 orci,

376 654 534 712 Deus
574 653 888 728 prolatabit
926 652 1070 711 mihi
1105 656 1322 729 vitam,
1381 657 1667 733 opulentis
1700 658 1817 712 illis
1852 658 2155 732 impiisque
2188 659 2332 714 meis
2372 656 2575 714 adver-

375 740 548 796 sariis
579 739 882 810 extinctis,
920 739 1022 815 qui
1053 741 1280 797 cunctis
1316 744 1440 798 suis
1473 742 1677 816 opibus
1708 740 1931 797 nullam
1963 752 2153 798 tamen
2183 741 2337 798 vitae
2369 760 2573 816 proro-

376 824 668 903 gationem
696 821 975 881 redimere
1006 832 1340 899 potuerunt,
1376 836 1442 883 ut
1467 824 1568 882 Vs.
1586 827 1642 882 8.
1677 827 1927 897 dixerat,
1956 825 2030 883 ad
2060 844 2225 902 quem
2257 824 2353 882 hic
2380 836 2575 883 noster

375 905 681 965 manifeste
722 909 977 984 respicit.
1055 907 1281 967 Eadem
1312 911 1503 990 figura
1534 908 1795 981 Hos.13‚
1822 911 1917 965 14.
1962 906 2068 988 (ab
2105 910 2237 966 orci
2263 919 2578 987 potestate

378 1009 503 1066 eos,
540 989 867 1070 lsreelitas,
907 993 1099 1068 inquit
1123 991 1303 1068 Jove,
1342 995 1658 1067 redimam,
1699 1016 1738 1055 a
1778 1006 1964 1053 morte
2001 1013 2098 1054 eos
2138 990 2484 1071 vindicabo)
2521 1004 2576 1052 et

375 1075 476 1133 Ps.
503 1077 607 1149 89,
634 1077 739 1134 49.
805 1074 1111 1135 Rationem
1140 1078 1387 1138 fiduciae
1416 1080 1611 1138 addit:
1653 1089 1833 1166 ³3:¹3·stss
1881 1092 1954 1161 ’ξ
1994 1098 2129 1136 nam
2162 1079 2430 1156 suscepit
2468 1097 2580 1153 me,

373 1160 433 1218 h.
459 1180 509 1219 e.
545 1163 608 1218 in
638 1178 802 1218 suam
833 1180 1029 1220 curam
1060 1174 1118 1220 et
1150 1166 1540 1242 patrocinium
1571 1169 1809 1240 recepit,
1850 1183 1941 1221 me
1967 1163 2122 1221 fovet
2155 1174 2325 1241 atque
2356 1173 2580 1234 tuetur,

377 1263 491 1322 quo
528 1263 702 1316 sensu
744 1245 895 1303 idem
934 1248 1170 1306 verbum
1209 1246 1344 1335 nssb
1388 1248 1560 1306 Deut.
1589 1251 1652 1322 4,
1682 1253 1781 1307 20.
1815 1259 2163 1325 usurpatur,
2223 1267 2352 1305 cum
2388 1246 2581 1308 Moses

298 1325 315 1337 “
374 1328 672 1389 Israelitas
698 1332 1033 1408 alloquutus
1059 1329 1231 1390 dicit:
1278 1317 1381 1393 obs
1410 1336 1680 1414 suscepit
1709 1331 1884 1392 Jova.
1939 1332 2026 1391 cf.
2057 1333 2152 1392 Pa.
2181 1334 2280 1406 73,
2309 1333 2410 1389 24.

551 1446 647 1503 17.
699 1443 830 1504 Hoc
860 1457 977 1505 tam
1011 1452 1304 1523 praeclaro
1338 1451 1631 1527 praesidio
1658 1453 1834 1508 nixus
1863 1448 2137 1508 hortatur
2164 1468 2285 1507 sese
2321 1450 2585 1527 aliosque

373 1548 567 1588 secum
594 1532 943 1590 sentientest
982 1529 1157 1589 Nihil
1180 1544 1432 1607 metuas,
1477 1554 1608 1591 cum
1636 1536 1872 1594 ditatus
1904 1536 2003 1591 vir
2033 1535 2322 1612 quispiam
2349 1533 2584 1608 fuerit,

375 1633 504 1672 cum
549 1617 811 1672 creverit
850 1616 1051 1693 gloria
1106 1617 1306 1677 domas
1358 1639 1537 1691 suae,
1605 1621 1646 1677 i.
1681 1640 1728 1677 e.
1766 1638 1856 1676 res
1897 1621 1990 1675 vel
2027 1620 2285 1694 supellex
2324 1620 2587 1699 gloriosa

379 1710 441 1757 et
469 1699 814 1774 conspicua,
859 1704 1178 1777 possessori
1210 1706 1702 1766 existimationem
1737 1705 2092 1775 concilians,
2148 1713 2249 1761 aut
2296 1704 2367 1762 ob
2407 1721 2585 1780 quam

377 1784 625 1860 aliquis,
667 1802 703 1840 a
731 1785 896 1856 plebe
934 1787 1232 1862 inprimis,
1278 1792 1582 1847 extollitur
1622 1798 1681 1845 et
1722 1788 2074 1861 honoratur,
2121 1789 2406 1865 quomodo
2439 1805 2587 1844 con-

374 1868 597 1925 rivium
628 1866 907 1928 Abasvcri
938 1871 1152 1929 dicitur
1178 1875 1576 1951 comprobasse
1616 1876 1769 1952 *13:23
1813 1873 2120 1960 ‘'nafis-neg
2161 1872 2413 1930 divitias
2451 1872 2587 1949 glo-

375 1953 509 2008 riae
539 1954 716 2030 regni
744 1953 962 2032 ipsius,
993 1957 1031 2013 i.
1062 1977 1110 2014 e.
1140 1959 1525 2040 praegrandes
1555 1970 1614 2017 et
1645 1953 1932 2037 gloriosas
1961 1955 2218 2026 divitias,
2253 1955 2587 2028 Esthslst.

375 2036 479 2095 Sic
501 2028 706 2095 Jacobi
735 2039 1054 2116 opulentis,
1088 2061 1160 2099 ex
1187 2043 1437 2101 Labanis
1463 2043 1833 2102 facultatibus
1855 2041 2148 2118 adquisita
2179 2040 2395 2100 dicitur
2425 2044 2589 2126 7522„

371 2121 520 2262 geg.
554 2120 657 2262 ἔξ,
673 2124 778 2262 ὲ,
832 2123 988 2201 quod
1015 2137 1148 2202 post
1179 2124 1275 2187 Vs.
1312 2130 1409 2186 16.
1440 2147 1570 2187 cum
1607 2126 1776 2215 Ἶτζρἥὲ
1807 2136 2181 2205 permutatur.
2247 2123 2391 2185 coh.
2427 2126 2498 2200 6,
2527 2127 2587 2182 2.

429 2224 463 2263 a
503 2247 519 2262 .
617 2246 637 2278 ‚
719 2246 733 2262 .

550 2317 650 2374 18.
718 2311 851 2373 Non
875 2317 1029 2375 enim
1062 2337 1191 2377 cum
1220 2322 1482 2379 moritur
1511 2329 1701 2380 sumet
1736 2340 1926 2380 secum
1955 2319 2065 2378 hoc
2093 2321 2451 2390 uuiversum,
2501 2323 2595 2380 nil

375 2399 680 2476 quicquam
721 2419 795 2473 ex
832 2404 1064 2461 cunctis
1102 2403 1261 2463 hisce
1297 2407 1674 2466 facultatibus
1717 2418 1887 2485 atque
1930 2408 2114 2480 copiis
2149 2425 2341 2465 secum
2377 2410 2598 2471 tonett.

373 2502 488 2541 non
533 2484 845 2543 descendet
886 2497 1033 2564 post
1074 2507 1202 2546 eum
1244 2491 1522 2572 splendor
1563 2491 1731 2565 ejus,
1804 2511 1921 2550 non
1970 2490 2398 2550 comitabuntur
2445 2494 2592 2550 illos

376 2568 617 2626 divitiae
655 2588 812 2628 suae.
883 2568 969 2628 Cf.
1004 2571 1266 2652 Propert.
1298 2576 1464 2654 Eleg.
1494 2581 1554 2652 3,
1583 2580 1639 2635 3.
1672 2577 1770 2635 35.

549 2678 645 2736 19·
733 2689 894 2773 3772}
949 2690 1133 2768 ἾἿζῐῙΞ
1191 2684 1495 2768 ἰιύῠΞ-Ἷξ
1549 2684 1702 2743 Nam
1757 2684 2024 2762 quamvis
2078 2687 2332 2742 animam
2386 2700 2593 2759 suam,

371 2765 759 2840 semetipsum,
803 2766 865 2823 in
906 2765 1039 2824 vita
1077 2751 1207 2838 sica,
1253 2753 1388 2827 dum
1412 2772 1481 2828 in
1513 2774 1660 2829 vivis
1691 2781 1875 2843 esset,
1917 2770 2313 2842 benedixerit,
2350 2771 2595 2829 felicem

373 2849 826 2925 praedicaverit,
880 2852 1036 2923 sive,
1078 2855 1192 2912 sibi
1222 2856 1519 2925 ¹blanditus
1548 2855 1757 2927 fuerit,
1801 2874 1916 2930 quo
1954 2873 2124 2912 sensu
2157 2854 2330 2913 Deut.
2356 2857 2465 2927 29,
2491 2857 2593 2914 18.

342 2927 558 3013 ·⁵²²³⁷²².¹
601 2945 832 3019 ῆῑεηπ
865 2936 1096 2995 dicitur.
1181 2943 1305 3014 αξξ)
1346 2941 1709 3017 pronominis
1748 2942 2028 3016 reciproci
2064 2941 2245 2997 vicem
2287 2943 2442 3019 gerit
2489 2941 2595 3015 (ut

371 3015 433 3086 3,
450 2998 510 3074 ἑξ
556 3020 615 3090 ⁷,
645 3002 924 3091 3.'11‘,1.
966 3021 1069 3094 25,
1097 3001 1401 3114 1301}ss
1437 3016 1783 3106 φάρη-ἐρ
1827 3028 1997 3108 ηςήη
2036 3023 2119 3081 Et
2154 3027 2416 3100 quomis
2444 3025 2598 3085 lau-

373 3099 653 3185 daverint
698 3111 757 3158 le
797 3106 924 3176 alii,
964 3108 1218 3182 quando,
1264 3128 1313 3165 s.
1349 3110 1508 3185 quod
1548 3111 1653 3178 tilpi
1696 3101 2079 3182 benefeceris.
2163 3112 2372 3168 Subito
2409 3119 2594 3167 vates

374 3187 694 3244 orationem
733 3192 1025 3246 convertit
1059 3193 1131 3248 ad
1169 3195 1355 3270 ipsum
1395 3195 1665 3264 divitem,
1711 3196 1780 3251 de
1822 3214 1972 3271 quo,
2017 3205 2289 3271 tanquam
2318 3196 2598 3269 absente,

369 3270 541 3326 modo
574 3272 637 3327 in
669 3274 843 3329 tertia
872 3292 1118 3348 persona
1144 3277 1334 3336 fuerat
1364 3281 1657 3355 loquutus,
1702 3281 1989 3355 quomodo
2021 3279 2209 3351 sesa,
2235 3282 2326 3336 14.
2355 3280 2597 3337 dicitur

370 3356 551 3410 simili
591 3354 708 3412 fere
739 3355 942 3415 modo:
986 3378 1121 3416 ecce
1163 3363 1338 3439 virgo
1364 3364 1579 3440 pariet
1605 3364 1839 3437 filium,
1881 3373 1943 3420 et
1988 3364 2116 3440 (tu,
2161 3383 2195 3420 o
2228 3360 2427 3441 virgo)
2476 3383 2596 3422 vo-

372 3435 539 3494 cabis
583 3449 691 3496 etc.
747 3439 833 3500 cf.
874 3441 1023 3501 Nch.
1049 3447 1111 3517 4,
1139 3450 1197 3504 4.
1243 3448 1457 3506 2Sam.
1489 3450 1548 3520 7,
1579 3450 1678 3505 23.
1760 3448 2111 3507 Connectere
2142 3449 2310 3525 proin
2343 3448 2597 3506 videtur

372 3532 568 3580 noster
612 3534 731 3582 tum
775 3526 979 3584 divitis
1011 3530 1196 3603 ipsius
1232 3532 1301 3589 «le
1333 3552 1430 3603 se,
1484 3540 1610 3589 tum
1651 3528 1936 3606 aliorum,
1988 3536 2374 3608 parasitorum
2409 3544 2595 3608 puta,

368 3615 426 3660 et
470 3608 864 3684 insipientium
914 3612 983 3669 de
1026 3616 1139 3674 tali
1181 3619 1361 3675 divite
1399 3617 1652 3690 judicia,
1718 3621 1886 3693 quasi
1928 3620 2191 3676 diceretz·
2235 3620 2468 3675 etiamsi
2517 3629 2595 3677 tu

369 3692 489 3765 ipse
520 3691 751 3752 beatum
784 3707 841 3751 te
870 3700 1195 3774 praedices,
1257 3702 1477 3780 aliique
1518 3702 1625 3759 tibi
1664 3704 2074 3777 applaudentes
2112 3703 2356 3759 similem
2400 3706 2474 3758 de
2526 3715 2593 3760 te

318 3850 327 3861 .
364 3772 607 3834 efferant
649 3779 911 3853 laudem,
969 3786 1314 3844 veniendum
1348 3799 1540 3844 tamen
1582 3790 1696 3845 erit
1732 3788 1804 3843 ael
1850 3786 2233 3862 sepulchrum.
2319 3784 2594 3855 Quando

364 3860 723 3933 benefeceris
762 3863 901 3935 eibi,
937 3870 1130 3945 gulam
1166 3874 1456 3943 curando,
1495 3874 1669 3947 genio
1703 3869 2091 3951 indulgendo,
2127 3872 2382 3946 palatiis,
2424 3889 2595 3930 con-

366 3946 573 4017 viriis,
617 3950 973 4006 vestimentis
1010 3964 1066 4008 te
1096 3954 1403 4015 efferendo.
1491 3956 1851 4031 Exprimitur
1893 3957 2001 4014 hac
2042 3956 2380 4033 loquutione
2417 3956 2598 4016 divi-

365 4029 576 4087 tiarum
616 4050 775 4102 usus,
821 4037 1121 4109 oppositus
1156 4044 1348 4098 tenaci
1381 4059 1686 4100 avarorum
1724 4040 2018 4111 sorditiei,
2064 4043 2165 4118 qui
2199 4059 2380 4116 neque
2412 4042 2599 4113 aliis,

364 4131 543 4188 neque
573 4116 682 4172 sibi
722 4117 893 4192 ipsis,
949 4117 1017 4176 de
1048 4125 1170 4180 suis
1214 4125 1598 4198 benefaciunt
1638 4126 1840 4201 opibus
1886 4125 2055 4202 (coh.
2084 4131 2147 4198 4,
2178 4127 2234 4183 8.
2280 4125 2597 4185 subtraho

361 4199 589 4255 animae
631 4218 791 4256 meae
834 4201 1058 4275 bonnm,
1106 4211 1249 4280 sire,
1290 4228 1488 4268 carere
1519 4227 1641 4266 eam
1673 4210 1823 4269 facio
1851 4209 2122 4292 gaudio).
2209 4210 2420 4271 Lucem
2464 4228 2598 4268 no·-

358 4294 477 4340 Stel·
522 4286 680 4344 locus
724 4288 911 4365 cupiet
950 4307 1024 4346 ex
1069 4292 1267 4355 Cohel.
1305 4297 1406 4371 11,
1433 4298 1528 4368 9.,
1592 4296 1690 4355 ubi
1734 4296 1811 4354 ad
1849 4298 2272 4358 adolescentem
2315 4295 2596 4355 dicitur:
