2747 4800
300 223 461 304 280
1072 243 1079 246 ’
1214 230 1337 298 Ρε.
1384 227 1504 316 42,
1564 252 1631 298 1.

310 416 502 478 Deum
530 410 744 472 fundit.
831 410 1078 470 Ardenti
1111 430 1173 469 se
1211 411 1530 488 desiderio,
1574 415 1760 473 cultui
1791 411 1969 472 Jovae
1998 411 2231 489 publico
2266 411 2533 491 festoque

316 504 438 575 ejus
469 502 766 570 interesse,
803 499 988 554 teneri
1018 497 1340 572 profitetur.
1426 495 1788 557 Excruciari*
1806 501 2060 555 animum
2096 500 2363 573 queritur
2397 516 2535 573 par-

318 588 424 643 tim
452 583 830 641 insultatione
857 579 1132 653 hostium,
1172 583 1527 659 vocibusque
1553 586 1885 660 impiorum,
1923 582 2309 640 frustraneum
2345 585 2535 657 pieta-

318 670 398 728 tis
430 671 492 726 in
522 661 729 724 Jovam
757 662 1038 737 studium,
1077 668 1174 723 cui
1204 666 1396 724 fuerat
1425 666 1675 739 deditus,
1718 669 1829 744 ipsi
1862 668 2282 740 objicientium,
2318 670 2534 742 partim

318 769 725 812 aerumnarum
750 761 810 806 et
839 750 1214 807 multitudine
1241 760 1299 807 et
1325 752 1728 831 magnitudine
1758 770 2108 828 oppressum.
2166 751 2310 810 Mox
2340 763 2536 829 tame-n

319 857 381 896 se
413 839 599 913 ipsum
639 853 675 891 a
707 852 970 892 moerore
1003 836 1267 892 sublevat
1299 855 1397 912 spe
1430 847 1626 907 certa,
1681 837 1842 908 fore,
1892 846 1958 893 ut
1988 836 2218 893 tandem
2260 836 2534 894 desiderii

317 924 413 981 sui
444 933 675 999 compos
692 919 823 978 fiat.
880 917 972 977 De
1002 921 1278 977 carminis
1309 930 1547 978 auctore
1579 931 1638 980 et
1670 924 1972 979 occasione
2002 917 2321 984 xid.vs.1

496 1094 551 1150 1.
605 1088 696 1147 De
724 1083 941 1169 ²:⁸20in
965 1086 1082 1145 vid.
1112 1087 1379 1169 Prolegg.
1413 1107 1466 1164 p.
1499 1089 1600 1147 20.
1647 1119 1737 1134 ·—
1791 1094 1932 1176 nup
1978 1085 2132 1181 ³2:2⁷3.
2184 1086 2359 1161 Cora,
2396 1108 2536 1165 pro·

320 1184 530 1253 nepote
554 1175 717 1246 Levi,
759 1172 1018 1251 principe
1049 1175 1472 1246 conjurationis
1503 1184 1709 1234 eontra
1733 1127 1957 1247 Mosen,
1999 1194 2035 1230 a
2069 1186 2226 1231 terra
2255 1175 2531 1249 absorpto

321 1260 524 1341 (Num.
560 1260 653 1316 16.
657 1254 718 1335 ),
763 1259 980 1315 servati
1011 1258 1248 1315 fuerunt
1279 1257 1392 1315 filii
1428 1260 1548 1333 ejus
1582 1271 1732 1332 tres,
1774 1262 1931 1332 Asir,
1975 1257 2222 1331 Elkana,
2263 1268 2322 1315 et
2353 1260 2534 1316 Abia·

325 1344 465 1422 saph
497 1340 697 1423 (Num.
729 1344 833 1414 26,
866 1339 1012 1420 11.).
1062 1341 1157 1400 Ex
1192 1340 1396 1399 horum
1430 1347 1679 1419 posteris
1708 1344 1947 1402 fuerunt
1978 1344 2211 1421 quidam
2241 1362 2368 1399 οιιιιι
2397 1345 2534 1401 aliis

319 1429 540 1490 Levitis
596 1446 632 1485 a
666 1424 908 1485 *Davide
956 1426 1032 1484 ad
1083 1425 1505 1485 decantandum
1549 1448 1745 1487 saeros
1788 1427 2032 1529 hymnos
2075 1430 2413 1498 constituti,
2473 1436 2535 1485 et

319 1517 480 1572 inter
520 1531 620 1573 eos
660 1510 928 1582 Reman,
986 1512 1325 1587 praecipuus
1364 1510 1680 1571 Cantorum
1722 1516 2020 1590 princepe,
2078 1524 2145 1569 ut
2187 1522 2413 1570 constat
2454 1531 2533 1570 ex

326 1597 514 1657 lchr.
542 1600 603 1671 6,
623 1598 726 1652 22.
761 1596 893 1652 coll.
922 1596 1019 1651 31.
1049 1613 1169 1670 sqq.
1206 1597 1267 1665 9,
1292 1598 1382 1652 19.
1413 1599 1515 1669 26,
1542 1602 1592 1654 l.
1634 1598 1825 1656 2Chr.
1850 1601 1955 1670 20,
1980 1600 2092 1668 19.,
2134 1599 2232 1653 ubi
2269 1605 2535 1687 ΕΡΠἿΡΠ

324 1684 599 1743 dicuntur
656 1681 978 1738 surrexisse
1025 1676 1099 1736 ad
1142 1679 1495 1737 laudandum
1540 1683 1762 1742 Jovam.
1854 1682 1963 1740 His
2006 1682 2269 1739 undecim
2318 1664 2533 1738 Psalmi

322 1768 587 1843 inscripti
621 1766 894 1844 leguntur
928 1759 1183 1839 (praeter
1212 1774 1476 1821 nostrum
1505 1768 1680 1823 44-
1697 1768 1801 1823 49.
1835 1770 1933 1825 84.
1972 1767 2070 1824 85.
2104 1768 2201 1824 87.
2234 1761 2385 1840 88),
2427 1767 2532 1823 sed

322 1854 611 1910 incertum
639 1859 761 1922 est,
814 1866 891 1905 an
924 1849 1088 1921 ideo,
1145 1850 1298 1925 quod
1329 1851 1444 1925 ipsi
1472 1871 1669 1909 eorum
1699 1851 2058 1910 Psalmorum
2090 1861 2355 1908 auctores
2390 1852 2533 1924 sint,

325 1955 401 1995 an
440 1937 596 2016 quod
637 1935 824 1991 solum
865 1952 964 2010 per
1003 1951 1101 1990 eos
1139 1933 1359 1991 fuerint
1400 1934 1724 2011 decantati3
1780 1948 2030 2012 quatuor
2071 1955 2312 2012 namque
2348 1936 2534 1992 millia

270 2077 275 2082 .
321 2029 666 2092 cautorum,
739 2020 840 2095 qui
888 2029 1078 2075 certos
1125 2016 1410 2076 habebant
1455 2022 1723 2093 ordines,
1794 2034 2091 2097 certasque
2141 2023 2294 2076 vices
2339 2018 2537 2088 David

323 2108 627 2183 selegerat,
679 2102 865 2162 lChr.
897 2105 1000 2162 23.
1091 2103 1157 2159 ln
1191 2115 1491 2180 utramque
1523 2117 1742 2181 partem
1770 2107 2122 2182 disputatum
2158 2105 2254 2161 vid
2283 2105 2344 2160 in
2374 2101 2425 2158 J.
2456 2103 2534 2160 G.

324 2187 664 2249 CARonvn
698 2185 1041 2246 Inlroduct.
1073 2190 1133 2243 in
1162 2185 1369 2245 Libros
1402 2187 1726 2248 Canonicos
1769 2191 1896 2247 l'et.
1931 2189 2094 2248 Test.
2130 2189 2189 2246 P.
2217 2189 2280 2245 ll.
2317 2190 2534 2264 p.105.

322 2272 475 2333 Mihi
502 2273 821 2331 verisimile
856 2282 965 2340 est,
1008 2271 1296 2342 l'salmos,
1339 2275 1547 2349 quibus
1584 2293 1791 2332 nomen
1823 2273 2192 2332 Coraitarum
2227 2283 2536 2348 praenota-

326 2367 450 2416 tum
487 2368 605 2430 est,
651 2376 685 2415 a
718 2357 1063 2433 primoribus
1098 2375 1171 2413 ex
1202 2375 1400 2414 eorum
1437 2356 1639 2415 ordine
1672 2380 1793 2418 esse
1826 2360 2092 2418 dictatos.
2179 2358 2324 2418 Nam
2372 2359 2423 2415 si
2460 2357 2535 2416 ab

325 2445 462 2500 aliis
494 2441 701 2499 dictati
732 2450 959 2513 essent,
1003 2442 1215 2498 alieubi
1249 2453 1552 2500 auctorum
1591 2449 1827 2503 nomina
1859 2447 2189 2525 legerentur
2219 2445 2536 2518 adscripta,

324 2530 478 2585 sicut
516 2525 609 2582 Ps.
641 2528 744 2583 39.
790 2526 1024 2582 titulum
1068 2525 1237 2582 habet
1270 2517 1621 2601 Jeduthuni,
1661 2528 1796 2588 Ocla
1819 2529 2099 2602 Davidis,
2143 2539 2210 2586 ut
2244 2548 2344 2604 per
2375 2526 2538 2583 ordi-

324 2630 457 2670 nem
486 2609 834 2683 Jeduthum‚
892 2611 1259 2667 decantatum
1295 2623 1352 2669 et
1393 2631 1428 2669 a
1456 2610 1682 2672 Davide
1717 2633 2027 2695 agnoscas
2035 2617 2270 2671 editum.
2358 2610 2538 2668 Prae-

326 2705 485 2757 terea
525 2694 904 2753 historiarum
944 2697 1195 2773 scriptor
1239 2692 1302 2772 (l
1328 2694 1471 2777 Reg.
1505 2699 1567 2768 4,
1596 2701 1694 2756 31.
1703 2694 1766 2777 ),
1822 2701 2024 2756 volens
2066 2698 2396 2774 praedicare
2439 2714 2538 2752 sa·

322 2782 599 2858 pientiam
620 2780 975 2854 Salomonis,
1002 2783 1178 2865 regis,
1208 2799 1321 2856 qua
1350 2793 1589 2840 cunctos
1616 2787 1888 2841 mortales
1918 2783 2277 2864 praecelluit,
2311 2780 2538 2838 confert

323 2884 453 2922 eum
496 2867 841 2925 nominatim
882 2860 1145 2938 Eelmui,
1184 2862 1558 2940 Esrachitae,
1601 2867 1891 2940 Hemam',
1937 2868 2139 2926 Culcal
2177 2879 2235 2923 et
2266 2864 2537 2923 Dardae.

306 2948 479 3009 .Hine
508 2952 650 3006 satis
682 2959 881 3026 aperte
913 2953 1234 3030 colligitur,
1258 2949 1598 3024 Hemanem,
1629 2950 1924 3011 Coraitam
1954 2955 2013 3027 (l
2035 2950 2168 3010 Chr.
2192 2953 2253 3023 6,
2275 2952 2368 3007 18.
2387 2951 2469 3005 22
2474 2951 2536 3027 .),

323 3052 452 3094 eum
496 3036 685 3093 tribus
725 3035 884 3107 illis,
941 3054 1085 3112 quos
1119 3034 1435 3092 historicus
1469 3038 1639 3094 simul
1671 3040 2032 3112 nominavit,
2093 3036 2438 3095 eruditionis
2478 3045 2542 3092 et

319 3120 640 3194 sapientiae
686 3120 864 3176 fuisse
912 3139 1084 3195 quam
1128 3121 1498 3192 rarissimae,
1559 3132 1627 3178 ut
1672 3123 1877 3198 quibus
1917 3143 1993 3180 ex
2033 3124 2190 3178 omni
2239 3120 2539 3177 hominum

320 3222 532 3282 genere
574 3205 834 3276 selectis,
885 3205 1287 3277 Salomonem,
1343 3208 1628 3283 sapientia
1660 3216 1719 3263 et
1752 3209 2073 3265 eruditione
2113 3216 2277 3264 tanto
2313 3213 2442 3280 post
2461 3223 2538 3283 *se

236 3312 243 3321 ·
317 3289 632 3347 intervallo
664 3301 903 3346 cunctos
938 3291 1215 3345 mortales
1248 3291 1686 3365 relinquentem,
1722 3302 2170 3368 comparaverat.
2232 3291 2538 3364 Quumque

319 3370 554 3430 Salomo
599 3375 808 3449 spiritu
854 3376 1115 3431 carmina
1158 3375 1451 3452 pangendi
1505 3377 1798 3451 praeditus
1835 3376 2068 3450 fuerit,
2146 3394 2279 3433 nam
2326 3374 2539 3431 ibidem

319 3455 382 3529 (1
408 3456 550 3534 Reg.
576 3461 639 3530 4,
675 3456 805 3534 32.)
846 3460 1064 3537 legitur
1108 3461 1497 3534 composuisse
1534 3462 1787 3537 quinque
1826 3462 2047 3534 millia,
2108 3460 2367 3535 equidem
2411 3477 2538 3515 non

320 3540 671 3614 dubitarim,
732 3545 929 3602 eodem
973 3552 1031 3601 ct
1075 3545 1325 3600 valuisse
1368 3542 1684 3602 Hemanem
1728 3547 1988 3623 aliosque
2029 3546 2327 3613 Coraitas‚
2387 3561 2535 3618 quos

316 3622 576 3682 Davides
634 3630 815 3684 sacris
876 3628 1230 3704 praefecerat
1292 3629 1685 3689 cantionibus.
1775 3633 2074 3708 Quotquot
2126 3640 2316 3686 autem
2377 3630 2537 3685 inter

317 3707 579 3768 Psalmos
616 3709 984 3769 Coraitarum
1029 3714 1446 3789 praescriptum
1491 3712 1705 3772 habent
1744 3735 1991 3788 nomen,
2055 3716 2262 3787 majori
2300 3723 2357 3770 et
2404 3730 2542 3768 ora-

320 3794 498 3851 tionis
534 3806 593 3853 et
624 3800 1041 3855 sententiarum
1074 3794 1427 3854 sublimitate
1456 3811 1800 3878 exsurgunt,
1842 3808 2012 3875 atque
2044 3798 2280 3856 affectus
2310 3799 2541 3874 spirant

314 3881 725 3940 concitatiores
760 3880 1344 3958 vehementioresque,
1392 3901 1562 3957 quam
1592 3903 1738 3959 quac
1770 3905 1803 3942 a
1833 3884 2057 3943 Davide
2090 3883 2541 3959 proficiscuntur

320 3967 609 4039 carmina,
680 3966 887 4041 quippe
937 3986 1084 4041 quae
1126 3968 1461 4024 remissiora
1508 3976 1565 4024 et
1610 3972 1875 4044 planiora
1922 3984 2093 4041 sunt,
2167 3969 2539 4041 animumque

318 4048 572 4125 produnt
605 4052 899 4115 variarum
928 4069 1332 4108 aerumnarum
1364 4052 1618 4127 pondere
1652 4056 1817 4129 quasi
1843 4054 2189 4130 depressum.
2233 4051 2542 4108 Dietiones

319 4141 378 4188 et
408 4131 775 4208 loquutiones
807 4134 919 4190 sibi
953 4138 1237 4210 proprias,
1265 4155 1300 4193 a
1325 4136 1628 4195 Davidieis
1658 4140 1936 4212 diversa5‚
1966 4140 2225 4197 carmina
2243 4133 2544 4192 Coraitica

319 4231 584 4288 servare,
624 4218 1037 4281 animadvertit
1073 4238 1299 4295 quoque
1330 4220 1399 4278 C.
1434 4223 1506 4280 G.
1533 4220 1832 4281 HENsta
1864 4226 1927 4281 in
1956 4224 2065 4282 den
2094 4218 2544 4293 Bemerkungen

320 4297 415 4359 ab.
443 4298 667 4361 Scellen
702 4303 810 4361 der
840 4301 1111 4364 Psalmen
1156 4324 1209 4380 p.
1237 4307 1338 4363 68.
1373 4316 1498 4365 not.
1583 4308 1807 4373 Quibus
1852 4309 2211 4389 argumentis
2252 4312 2546 4383 permotus
