<?xml version="1.0" encoding="UTF-8"?>
<!DOCTYPE html PUBLIC "-//W3C//DTD XHTML 1.0 Transitional//EN"
    "http://www.w3.org/TR/xhtml1/DTD/xhtml1-transitional.dtd">
<html xmlns="http://www.w3.org/1999/xhtml" xml:lang="en" lang="en">
 <head>
  <title>
</title>
<meta http-equiv="Content-Type" content="text/html;charset=utf-8" />
  <meta name='ocr-system' content='tesseract 3.04.00' />
  <meta name='ocr-capabilities' content='ocr_page ocr_carea ocr_par ocr_line ocrx_word'/>
</head>
<body>
  <div class='ocr_page' id='page_1' title='image "./ernfridcarrosen02rosegoog_0049.png"; bbox 0 0 2747 4800; ppageno 0'>
   <div class='ocr_carea' id='block_1_1' title="bbox 1009 266 2293 357">
    <p class='ocr_par' dir='ltr' id='par_1_1' title="bbox 1009 266 2293 357">
     <span class='ocr_line' id='line_1_1' title="bbox 1009 266 2293 357; baseline -0.003 -13"><span class='ocrx_word' id='word_1_1' title='bbox 1009 277 1134 343; x_wconf 74' lang='lat' dir='ltr'>Ps.</span> <span class='ocrx_word' id='word_1_2' title='bbox 1190 271 1254 357; x_wconf 74' lang='lat'>4,</span> <span class='ocrx_word' id='word_1_3' title='bbox 1315 276 1380 341; x_wconf 73' lang='lat'>2.</span> <span class='ocrx_word' id='word_1_4' title='bbox 2199 266 2293 340; x_wconf 81' lang='grc'>41</span> 
     </span>
    </p>
   </div>
   <div class='ocr_carea' id='block_1_2' title="bbox 160 457 2388 3060">
    <p class='ocr_par' dir='ltr' id='par_1_2' title="bbox 160 457 2388 3060">
     <span class='ocr_line' id='line_1_2' title="bbox 163 457 2300 538; baseline -0 -21"><span class='ocrx_word' id='word_1_5' title='bbox 163 477 268 536; x_wconf 77' lang='lat' dir='ltr'>quos</span> <span class='ocrx_word' id='word_1_6' title='bbox 311 460 629 538; x_wconf 77' lang='lat' dir='ltr'>gravissima</span> <span class='ocrx_word' id='word_1_7' title='bbox 676 459 1154 534; x_wconf 74' lang='lat' dir='ltr'>compellatione,</span> <span class='ocrx_word' id='word_1_8' title='bbox 1226 470 1286 517; x_wconf 87' lang='lat' dir='ltr'>et</span> <span class='ocrx_word' id='word_1_9' title='bbox 1341 470 1534 517; x_wconf 88' lang='lat' dir='ltr'>tamen</span> <span class='ocrx_word' id='word_1_10' title='bbox 1588 468 1902 536; x_wconf 86' lang='lat' dir='ltr'>temperata</span> <span class='ocrx_word' id='word_1_11' title='bbox 1945 457 2300 516; x_wconf 87' lang='lat' dir='ltr'>mirabiliter</span> 
     </span>
     <span class='ocr_line' id='line_1_3' title="bbox 160 543 2299 621; baseline -0 -20"><span class='ocrx_word' id='word_1_12' title='bbox 160 547 336 621; x_wconf 76' lang='lat' dir='ltr'>pietatis</span> <span class='ocrx_word' id='word_1_13' title='bbox 362 543 721 616; x_wconf 74' lang='lat' dir='ltr'>humanitate,</span> <span class='ocrx_word' id='word_1_14' title='bbox 749 563 786 602; x_wconf 89' lang='lat' dir='ltr'>a</span> <span class='ocrx_word' id='word_1_15' title='bbox 816 544 1093 601; x_wconf 81' lang='lat' dir='ltr'>facinoris</span> <span class='ocrx_word' id='word_1_16' title='bbox 1125 546 1398 602; x_wconf 83' lang='lat' dir='ltr'>societate</span> <span class='ocrx_word' id='word_1_17' title='bbox 1429 544 1704 603; x_wconf 85' lang='lat' dir='ltr'>abducere</span> <span class='ocrx_word' id='word_1_18' title='bbox 1737 555 1999 602; x_wconf 88' lang='lat' dir='ltr'>conatur.</span> <span class='ocrx_word' id='word_1_19' title='bbox 2029 575 2112 587; x_wconf 93' lang='lat'><em>-</em></span> <span class='ocrx_word' id='word_1_20' title='bbox 2147 543 2299 600; x_wconf 78' lang='lat' dir='ltr'>Aliis</span> 
     </span>
     <span class='ocr_line' id='line_1_4' title="bbox 162 627 2302 708; baseline -0.001 -22"><span class='ocrx_word' id='word_1_21' title='bbox 162 632 361 700; x_wconf 63' lang='lat' dir='ltr'>ommis,</span> <span class='ocrx_word' id='word_1_22' title='bbox 402 629 696 686; x_wconf 56' lang='lat' dir='ltr'>Vtamur:</span> <span class='ocrx_word' id='word_1_23' title='bbox 731 631 1019 685; x_wconf 83' lang='lat' dir='ltr'>sententia</span> <span class='ocrx_word' id='word_1_24' title='bbox 1053 630 1232 708; x_wconf 79' lang='lat' dir='ltr'>digna</span> <span class='ocrx_word' id='word_1_25' title='bbox 1264 641 1387 700; x_wconf 87' lang='lat' dir='ltr'>est,</span> <span class='ocrx_word' id='word_1_26' title='bbox 1430 648 1575 705; x_wconf 89' lang='lat' dir='ltr'>quae</span> <span class='ocrx_word' id='word_1_27' title='bbox 1608 638 1974 687; x_wconf 81' lang='lat' dir='ltr'><strong>memoretur.</strong></span> <span class='ocrx_word' id='word_1_28' title='bbox 2059 627 2302 686; x_wconf 91' lang='lat' dir='ltr'>Nullum</span> 
     </span>
     <span class='ocr_line' id='line_1_5' title="bbox 160 712 2299 790; baseline 0 -22"><span class='ocrx_word' id='word_1_29' title='bbox 160 714 383 788; x_wconf 74' lang='lat' dir='ltr'>planeilli</span> <span class='ocrx_word' id='word_1_30' title='bbox 417 715 474 769; x_wconf 92' lang='lat' dir='ltr'>in</span> <span class='ocrx_word' id='word_1_31' title='bbox 506 713 615 769; x_wconf 86' lang='lat' dir='ltr'>hoc</span> <span class='ocrx_word' id='word_1_32' title='bbox 652 716 910 770; x_wconf 76' lang='lat' dir='ltr'>carmine</span> <span class='ocrx_word' id='word_1_33' title='bbox 952 716 1209 771; x_wconf 87' lang='lat' dir='ltr'>occurrit</span> <span class='ocrx_word' id='word_1_34' title='bbox 1250 712 1568 786; x_wconf 85' lang='lat' dir='ltr'>indicium,</span> <span class='ocrx_word' id='word_1_35' title='bbox 1627 733 1702 771; x_wconf 85' lang='lat' dir='ltr'>ex</span> <span class='ocrx_word' id='word_1_36' title='bbox 1743 732 1858 790; x_wconf 86' lang='lat' dir='ltr'>quo</span> <span class='ocrx_word' id='word_1_37' title='bbox 1898 722 2124 789; x_wconf 86' lang='lat' dir='ltr'>pateat,</span> <span class='ocrx_word' id='word_1_38' title='bbox 2178 730 2299 785; x_wconf 86' lang='lat' dir='ltr'>eos,</span> 
     </span>
     <span class='ocr_line' id='line_1_6' title="bbox 162 797 2300 875; baseline 0.001 -23"><span class='ocrx_word' id='word_1_39' title='bbox 162 799 429 873; x_wconf 78' lang='lat' dir='ltr'>quibuscum</span> <span class='ocrx_word' id='word_1_40' title='bbox 462 811 627 874; x_wconf 86' lang='lat' dir='ltr'>poeta</span> <span class='ocrx_word' id='word_1_41' title='bbox 655 798 750 855; x_wconf 85' lang='lat' dir='ltr'>hic</span> <span class='ocrx_word' id='word_1_42' title='bbox 784 799 931 875; x_wconf 87' lang='lat' dir='ltr'>agit,</span> <span class='ocrx_word' id='word_1_43' title='bbox 968 797 1160 855; x_wconf 84' lang='lat' dir='ltr'>hostes</span> <span class='ocrx_word' id='word_1_44' title='bbox 1192 801 1375 874; x_wconf 86' lang='lat' dir='ltr'>ipsius</span> <span class='ocrx_word' id='word_1_45' title='bbox 1406 798 1602 871; x_wconf 80' lang='lat' dir='ltr'>fuisse,</span> <span class='ocrx_word' id='word_1_46' title='bbox 1632 817 1805 875; x_wconf 88' lang='lat' dir='ltr'>quum</span> <span class='ocrx_word' id='word_1_47' title='bbox 1839 817 1943 855; x_wconf 89' lang='lat' dir='ltr'>nec</span> <span class='ocrx_word' id='word_1_48' title='bbox 1968 816 2037 854; x_wconf 91' lang='lat' dir='ltr'>eo</span> <span class='ocrx_word' id='word_1_49' title='bbox 2067 799 2300 855; x_wconf 84' lang='lat' dir='ltr'>nomine</span> 
     </span>
     <span class='ocr_line' id='line_1_7' title="bbox 161 881 2302 959; baseline 0.001 -22"><span class='ocrx_word' id='word_1_50' title='bbox 161 883 505 959; x_wconf 66' lang='lat' dir='ltr'>insignientur,</span> <span class='ocrx_word' id='word_1_51' title='bbox 540 902 644 939; x_wconf 91' lang='lat' dir='ltr'>nec</span> <span class='ocrx_word' id='word_1_52' title='bbox 674 881 905 940; x_wconf 83' lang='lat' dir='ltr'>hostilis</span> <span class='ocrx_word' id='word_1_53' title='bbox 945 884 1007 938; x_wconf 90' lang='lat' dir='ltr'>in</span> <span class='ocrx_word' id='word_1_54' title='bbox 1039 885 1225 958; x_wconf 84' lang='lat' dir='ltr'>ipsum</span> <span class='ocrx_word' id='word_1_55' title='bbox 1259 885 1509 958; x_wconf 86' lang='lat' dir='ltr'>impetus</span> <span class='ocrx_word' id='word_1_56' title='bbox 1541 887 1616 941; x_wconf 88' lang='lat' dir='ltr'>iis</span> <span class='ocrx_word' id='word_1_57' title='bbox 1651 883 2049 956; x_wconf 77' lang='lat' dir='ltr'>adscribatur3</span> <span class='ocrx_word' id='word_1_58' title='bbox 2104 901 2302 958; x_wconf 88' lang='lat' dir='ltr'>repre-</span> 
     </span>
     <span class='ocr_line' id='line_1_8' title="bbox 161 963 2300 1038; baseline 0.001 -16"><span class='ocrx_word' id='word_1_59' title='bbox 161 963 279 1022; x_wconf 76' lang='lat' dir='ltr'>hendi</span> <span class='ocrx_word' id='word_1_60' title='bbox 313 976 521 1023; x_wconf 86' lang='lat' dir='ltr'>tantum</span> <span class='ocrx_word' id='word_1_61' title='bbox 553 969 613 1023; x_wconf 89' lang='lat' dir='ltr'>in</span> <span class='ocrx_word' id='word_1_62' title='bbox 649 968 722 1023; x_wconf 90' lang='lat' dir='ltr'>iis</span> <span class='ocrx_word' id='word_1_63' title='bbox 754 968 1001 1024; x_wconf 87' lang='lat' dir='ltr'>nimium</span> <span class='ocrx_word' id='word_1_64' title='bbox 1031 969 1311 1024; x_wconf 74' lang='lat' dir='ltr'>vanitatis</span> <span class='ocrx_word' id='word_1_65' title='bbox 1343 978 1402 1025; x_wconf 89' lang='lat' dir='ltr'>et</span> <span class='ocrx_word' id='word_1_66' title='bbox 1429 969 1789 1026; x_wconf 80' lang='lat' dir='ltr'>mendacium</span> <span class='ocrx_word' id='word_1_67' title='bbox 1817 986 2009 1038; x_wconf 83' lang='lat' dir='ltr'>rerum</span> <span class='ocrx_word' id='word_1_68' title='bbox 2041 967 2300 1025; x_wconf 82' lang='lat' dir='ltr'>studium</span> 
     </span>
     <span class='ocr_line' id='line_1_9' title="bbox 163 1049 2302 1130; baseline 0.001 -25"><span class='ocrx_word' id='word_1_69' title='bbox 163 1062 199 1105; x_wconf 80' lang='lat' dir='ltr'>et</span> <span class='ocrx_word' id='word_1_70' title='bbox 230 1052 635 1108; x_wconf 83' lang='lat' dir='ltr'>contumeliosas</span> <span class='ocrx_word' id='word_1_71' title='bbox 692 1053 846 1110; x_wconf 81' lang='lat' dir='ltr'>forte</span> <span class='ocrx_word' id='word_1_72' title='bbox 903 1054 1290 1130; x_wconf 81' lang='lat' dir='ltr'>cogitationes</span> <span class='ocrx_word' id='word_1_73' title='bbox 1349 1062 1410 1108; x_wconf 86' lang='lat' dir='ltr'>et</span> <span class='ocrx_word' id='word_1_74' title='bbox 1457 1051 1610 1111; x_wconf 78' lang='lat' dir='ltr'>facta</span> <span class='ocrx_word' id='word_1_75' title='bbox 1657 1071 1854 1110; x_wconf 82' lang='lat' dir='ltr'>eorum</span> <span class='ocrx_word' id='word_1_76' title='bbox 1900 1054 1960 1109; x_wconf 88' lang='lat' dir='ltr'>in</span> <span class='ocrx_word' id='word_1_77' title='bbox 2013 1049 2302 1110; x_wconf 75' lang='lat' dir='ltr'>Davidem</span> 
     </span>
     <span class='ocr_line' id='line_1_10' title="bbox 164 1130 2301 1216; baseline 0.002 -27"><span class='ocrx_word' id='word_1_78' title='bbox 164 1130 245 1209; x_wconf 65' lang='lat' dir='ltr'>(vs.</span> <span class='ocrx_word' id='word_1_79' title='bbox 264 1135 361 1213; x_wconf 84' lang='grc'>3.),</span> <span class='ocrx_word' id='word_1_80' title='bbox 391 1136 539 1212; x_wconf 89' lang='lat' dir='ltr'>quod</span> <span class='ocrx_word' id='word_1_81' title='bbox 568 1138 742 1192; x_wconf 85' lang='lat' dir='ltr'>sociis</span> <span class='ocrx_word' id='word_1_82' title='bbox 772 1133 1046 1208; x_wconf 83' lang='lat' dir='ltr'>Davidis,</span> <span class='ocrx_word' id='word_1_83' title='bbox 1078 1148 1283 1194; x_wconf 87' lang='lat' dir='ltr'>contra</span> <span class='ocrx_word' id='word_1_84' title='bbox 1314 1155 1447 1205; x_wconf 82' lang='lat' dir='ltr'>eum</span> <span class='ocrx_word' id='word_1_85' title='bbox 1481 1147 1716 1214; x_wconf 89' lang='lat' dir='ltr'>propter</span> <span class='ocrx_word' id='word_1_86' title='bbox 1747 1138 2095 1216; x_wconf 78' lang='lat' dir='ltr'>gravissima</span> <span class='ocrx_word' id='word_1_87' title='bbox 2125 1138 2301 1209; x_wconf 87' lang='lat' dir='ltr'>mala,</span> 
     </span>
     <span class='ocr_line' id='line_1_11' title="bbox 164 1221 2304 1298; baseline 0.001 -23"><span class='ocrx_word' id='word_1_88' title='bbox 164 1221 310 1293; x_wconf 72' lang='lat' dir='ltr'>quibus</span> <span class='ocrx_word' id='word_1_89' title='bbox 338 1233 760 1295; x_wconf 83' lang='lat' dir='ltr'>premerentur,</span> <span class='ocrx_word' id='word_1_90' title='bbox 803 1223 1333 1293; x_wconf 78' lang='lat' dir='ltr'>murmurantibus,</span> <span class='ocrx_word' id='word_1_91' title='bbox 1376 1224 1704 1293; x_wconf 84' lang='lat' dir='ltr'>conveniat,</span> <span class='ocrx_word' id='word_1_92' title='bbox 1746 1221 1845 1279; x_wconf 87' lang='lat' dir='ltr'>sed</span> <span class='ocrx_word' id='word_1_93' title='bbox 1876 1223 2098 1279; x_wconf 88' lang='lat' dir='ltr'>nullum</span> <span class='ocrx_word' id='word_1_94' title='bbox 2131 1239 2304 1298; x_wconf 89' lang='lat' dir='ltr'>prae·-</span> 
     </span>
     <span class='ocr_line' id='line_1_12' title="bbox 161 1302 2304 1385; baseline 0.001 -25"><span class='ocrx_word' id='word_1_95' title='bbox 161 1302 247 1360; x_wconf 70' lang='lat' dir='ltr'>bat</span> <span class='ocrx_word' id='word_1_96' title='bbox 280 1303 516 1361; x_wconf 84' lang='lat' dir='ltr'>hostium</span> <span class='ocrx_word' id='word_1_97' title='bbox 564 1304 974 1363; x_wconf 73' lang='lat' dir='ltr'>characterem.</span> <span class='ocrx_word' id='word_1_98' title='bbox 1058 1305 1181 1364; x_wconf 89' lang='lat' dir='ltr'>Nec</span> <span class='ocrx_word' id='word_1_99' title='bbox 1225 1308 1407 1364; x_wconf 90' lang='lat' dir='ltr'>ullum</span> <span class='ocrx_word' id='word_1_100' title='bbox 1459 1324 1521 1363; x_wconf 85' lang='lat' dir='ltr'>se</span> <span class='ocrx_word' id='word_1_101' title='bbox 1568 1304 1768 1362; x_wconf 85' lang='lat' dir='ltr'>offerre</span> <span class='ocrx_word' id='word_1_102' title='bbox 1815 1308 2047 1385; x_wconf 81' lang='lat' dir='ltr'>signum</span> <span class='ocrx_word' id='word_1_103' title='bbox 2093 1305 2304 1382; x_wconf 79' lang='lat' dir='ltr'>regiae</span> 
     </span>
     <span class='ocr_line' id='line_1_13' title="bbox 163 1387 2302 1469; baseline 0.002 -27"><span class='ocrx_word' id='word_1_104' title='bbox 163 1387 417 1463; x_wconf 73' lang='lat' dir='ltr'>dignitatis</span> <span class='ocrx_word' id='word_1_105' title='bbox 458 1390 530 1445; x_wconf 83' lang='lat' dir='ltr'>ab</span> <span class='ocrx_word' id='word_1_106' title='bbox 573 1392 652 1446; x_wconf 90' lang='lat' dir='ltr'>iis</span> <span class='ocrx_word' id='word_1_107' title='bbox 697 1392 1102 1469; x_wconf 78' lang='lat' dir='ltr'>impugnatae,</span> <span class='ocrx_word' id='word_1_108' title='bbox 1138 1390 1238 1448; x_wconf 81' lang='lat' dir='ltr'>Vs.</span> <span class='ocrx_word' id='word_1_109' title='bbox 1264 1393 1323 1447; x_wconf 79' lang='lat'>4.</span> <span class='ocrx_word' id='word_1_110' title='bbox 1363 1390 1646 1448; x_wconf 80' lang='lat' dir='ltr'>Davidem</span> <span class='ocrx_word' id='word_1_111' title='bbox 1678 1391 1866 1469; x_wconf 78' lang='lat' dir='ltr'>magis</span> <span class='ocrx_word' id='word_1_112' title='bbox 1901 1401 2175 1467; x_wconf 86' lang='lat' dir='ltr'>tanquam</span> <span class='ocrx_word' id='word_1_113' title='bbox 2207 1391 2302 1446; x_wconf 89' lang='lat' dir='ltr'>in-</span> 
     </span>
     <span class='ocr_line' id='line_1_14' title="bbox 168 1474 2302 1551; baseline 0.001 -23"><span class='ocrx_word' id='word_1_114' title='bbox 168 1475 330 1529; x_wconf 70' lang='lat' dir='ltr'>terioris</span> <span class='ocrx_word' id='word_1_115' title='bbox 377 1475 748 1531; x_wconf 85' lang='lat' dir='ltr'>admissionis</span> <span class='ocrx_word' id='word_1_116' title='bbox 800 1474 951 1550; x_wconf 87' lang='lat' dir='ltr'>apud</span> <span class='ocrx_word' id='word_1_117' title='bbox 997 1474 1186 1534; x_wconf 91' lang='lat' dir='ltr'>Deum</span> <span class='ocrx_word' id='word_1_118' title='bbox 1236 1476 1572 1534; x_wconf 82' lang='lat' dir='ltr'>ministrum</span> <span class='ocrx_word' id='word_1_119' title='bbox 1613 1477 2086 1550; x_wconf 81' lang='lat' dir='ltr'>repraesentari,</span> <span class='ocrx_word' id='word_1_120' title='bbox 2130 1484 2302 1551; x_wconf 82' lang='lat' dir='ltr'>quain</span> 
     </span>
     <span class='ocr_line' id='line_1_15' title="bbox 162 1557 2304 1636; baseline 0 -24"><span class='ocrx_word' id='word_1_121' title='bbox 162 1574 313 1633; x_wconf 70' lang='lat' dir='ltr'>regen.</span> <span class='ocrx_word' id='word_1_122' title='bbox 388 1557 695 1635; x_wconf 77' lang='lat' dir='ltr'>Respicere</span> <span class='ocrx_word' id='word_1_123' title='bbox 723 1578 955 1616; x_wconf 86' lang='lat' dir='ltr'>carmen</span> <span class='ocrx_word' id='word_1_124' title='bbox 985 1560 1058 1617; x_wconf 87' lang='lat' dir='ltr'>ad</span> <span class='ocrx_word' id='word_1_125' title='bbox 1088 1569 1337 1632; x_wconf 88' lang='lat' dir='ltr'>statum,</span> <span class='ocrx_word' id='word_1_126' title='bbox 1383 1562 1446 1617; x_wconf 90' lang='lat' dir='ltr'>in</span> <span class='ocrx_word' id='word_1_127' title='bbox 1477 1579 1644 1636; x_wconf 89' lang='lat' dir='ltr'>quem</span> <span class='ocrx_word' id='word_1_128' title='bbox 1677 1557 1933 1617; x_wconf 84' lang='lat' dir='ltr'>Davides</span> <span class='ocrx_word' id='word_1_129' title='bbox 1962 1577 2092 1615; x_wconf 91' lang='lat' dir='ltr'>cum</span> <span class='ocrx_word' id='word_1_130' title='bbox 2128 1559 2304 1614; x_wconf 81' lang='lat' dir='ltr'>sociis</span> 
     </span>
     <span class='ocr_line' id='line_1_16' title="bbox 162 1639 2305 1721; baseline 0.001 -25"><span class='ocrx_word' id='word_1_131' title='bbox 162 1639 356 1716; x_wconf 74' lang='lat' dir='ltr'>delapsus</span> <span class='ocrx_word' id='word_1_132' title='bbox 402 1654 586 1715; x_wconf 78' lang='lat' dir='ltr'>esset,</span> <span class='ocrx_word' id='word_1_133' title='bbox 652 1644 960 1702; x_wconf 85' lang='lat' dir='ltr'>admodum</span> <span class='ocrx_word' id='word_1_134' title='bbox 1004 1648 1361 1719; x_wconf 84' lang='lat' dir='ltr'>luctuosum,</span> <span class='ocrx_word' id='word_1_135' title='bbox 1428 1647 1528 1721; x_wconf 87' lang='lat' dir='ltr'>qui</span> <span class='ocrx_word' id='word_1_136' title='bbox 1576 1652 1742 1721; x_wconf 86' lang='lat' dir='ltr'>aptus</span> <span class='ocrx_word' id='word_1_137' title='bbox 1795 1642 2004 1715; x_wconf 84' lang='lat' dir='ltr'>fuerit,</span> <span class='ocrx_word' id='word_1_138' title='bbox 2064 1641 2305 1699; x_wconf 83' lang='lat' dir='ltr'>affectus</span> 
     </span>
     <span class='ocr_line' id='line_1_17' title="bbox 160 1725 2307 1805; baseline 0.001 -25"><span class='ocrx_word' id='word_1_139' title='bbox 160 1728 410 1801; x_wconf 76' lang='lat' dir='ltr'>concitare,</span> <span class='ocrx_word' id='word_1_140' title='bbox 468 1740 528 1786; x_wconf 87' lang='lat' dir='ltr'>et</span> <span class='ocrx_word' id='word_1_141' title='bbox 563 1730 759 1786; x_wconf 84' lang='lat' dir='ltr'>socios</span> <span class='ocrx_word' id='word_1_142' title='bbox 800 1742 1005 1787; x_wconf 87' lang='lat' dir='ltr'>eontra</span> <span class='ocrx_word' id='word_1_143' title='bbox 1044 1729 1326 1787; x_wconf 78' lang='lat' dir='ltr'>Davidem</span> <span class='ocrx_word' id='word_1_144' title='bbox 1368 1731 1644 1803; x_wconf 86' lang='lat' dir='ltr'>incitare,</span> <span class='ocrx_word' id='word_1_145' title='bbox 1701 1730 1890 1805; x_wconf 87' lang='lat' dir='ltr'>iisque</span> <span class='ocrx_word' id='word_1_146' title='bbox 1928 1729 2198 1785; x_wconf 85' lang='lat' dir='ltr'>sinistras</span> <span class='ocrx_word' id='word_1_147' title='bbox 2235 1725 2307 1783; x_wconf 88' lang='lat' dir='ltr'>de</span> 
     </span>
     <span class='ocr_line' id='line_1_18' title="bbox 160 1805 2305 1893; baseline 0 -28"><span class='ocrx_word' id='word_1_148' title='bbox 160 1805 235 1866; x_wconf 79' lang='lat' dir='ltr'>Dei</span> <span class='ocrx_word' id='word_1_149' title='bbox 262 1812 436 1870; x_wconf 76' lang='lat' dir='ltr'>farore</span> <span class='ocrx_word' id='word_1_150' title='bbox 483 1833 633 1893; x_wconf 57' lang='lat' dir='ltr'>verga</span> <span class='ocrx_word' id='word_1_151' title='bbox 684 1816 871 1890; x_wconf 88' lang='lat' dir='ltr'>ipsum</span> <span class='ocrx_word' id='word_1_152' title='bbox 922 1814 1208 1890; x_wconf 87' lang='lat' dir='ltr'>inspirare</span> <span class='ocrx_word' id='word_1_153' title='bbox 1262 1817 1637 1891; x_wconf 85' lang='lat' dir='ltr'>suspiciones.</span> <span class='ocrx_word' id='word_1_154' title='bbox 1724 1810 2060 1892; x_wconf 77' lang='lat' dir='ltr'>congruere</span> <span class='ocrx_word' id='word_1_155' title='bbox 2107 1814 2305 1888; x_wconf 87' lang='lat' dir='ltr'>itaque</span> 
     </span>
     <span class='ocr_line' id='line_1_19' title="bbox 163 1895 2305 1979; baseline 0 -27"><span class='ocrx_word' id='word_1_156' title='bbox 163 1897 315 1968; x_wconf 64' lang='lat' dir='ltr'>optime</span> <span class='ocrx_word' id='word_1_157' title='bbox 342 1899 424 1955; x_wconf 92' lang='lat' dir='ltr'>illi</span> <span class='ocrx_word' id='word_1_158' title='bbox 453 1900 740 1975; x_wconf 88' lang='lat' dir='ltr'>tempori,</span> <span class='ocrx_word' id='word_1_159' title='bbox 788 1918 904 1974; x_wconf 86' lang='lat' dir='ltr'>quo</span> <span class='ocrx_word' id='word_1_160' title='bbox 945 1897 1198 1957; x_wconf 85' lang='lat' dir='ltr'>Davides</span> <span class='ocrx_word' id='word_1_161' title='bbox 1236 1916 1365 1956; x_wconf 90' lang='lat' dir='ltr'>cum</span> <span class='ocrx_word' id='word_1_162' title='bbox 1417 1901 1574 1971; x_wconf 87' lang='lat' dir='ltr'>suis,</span> <span class='ocrx_word' id='word_1_163' title='bbox 1638 1916 1672 1954; x_wconf 86' lang='lat' dir='ltr'>a</span> <span class='ocrx_word' id='word_1_164' title='bbox 1714 1895 2119 1979; x_wconf 70' lang='lat' dir='ltr'>philisthaeis,</span> <span class='ocrx_word' id='word_1_165' title='bbox 2173 1914 2305 1952; x_wconf 90' lang='lat' dir='ltr'>cum</span> 
     </span>
     <span class='ocr_line' id='line_1_20' title="bbox 161 1976 2309 2064; baseline 0.001 -30"><span class='ocrx_word' id='word_1_166' title='bbox 161 1976 287 2036; x_wconf 79' lang='lat' dir='ltr'>Ssalo</span> <span class='ocrx_word' id='word_1_167' title='bbox 328 1982 649 2041; x_wconf 86' lang='lat' dir='ltr'>decretoria</span> <span class='ocrx_word' id='word_1_168' title='bbox 691 2003 887 2064; x_wconf 85' lang='lat' dir='ltr'>pugna</span> <span class='ocrx_word' id='word_1_169' title='bbox 935 1985 1241 2041; x_wconf 70' lang='lat' dir='ltr'>certaturis</span> <span class='ocrx_word' id='word_1_170' title='bbox 1291 1985 1602 2056; x_wconf 81' lang='lat' dir='ltr'>dimissus,</span> <span class='ocrx_word' id='word_1_171' title='bbox 1660 1979 1972 2057; x_wconf 76' lang='lat' dir='ltr'>Ziclagum</span> <span class='ocrx_word' id='word_1_172' title='bbox 2018 1981 2309 2039; x_wconf 85' lang='lat' dir='ltr'>invenerit</span> 
     </span>
     <span class='ocr_line' id='line_1_21' title="bbox 163 2050 2308 2141; baseline 0.001 -22"><span class='ocrx_word' id='word_1_173' title='bbox 163 2059 339 2121; x_wconf 66' lang='lat' dir='ltr'>hamis</span> <span class='ocrx_word' id='word_1_174' title='bbox 366 2068 717 2141; x_wconf 85' lang='lat' dir='ltr'>absumtum,</span> <span class='ocrx_word' id='word_1_175' title='bbox 760 2080 817 2125; x_wconf 87' lang='lat' dir='ltr'>et</span> <span class='ocrx_word' id='word_1_176' title='bbox 847 2062 1103 2126; x_wconf 84' lang='lat' dir='ltr'>omnium</span> <span class='ocrx_word' id='word_1_177' title='bbox 1132 2050 1387 2127; x_wconf 73' lang='lat' dir='ltr'>fainiliaa</span> <span class='ocrx_word' id='word_1_178' title='bbox 1416 2085 1484 2124; x_wconf 89' lang='lat' dir='ltr'>ac</span> <span class='ocrx_word' id='word_1_179' title='bbox 1514 2068 1670 2124; x_wconf 89' lang='lat' dir='ltr'>bona</span> <span class='ocrx_word' id='word_1_180' title='bbox 1699 2066 1769 2122; x_wconf 84' lang='lat' dir='ltr'>ab</span> <span class='ocrx_word' id='word_1_181' title='bbox 1797 2062 2138 2123; x_wconf 82' lang='lat' dir='ltr'>Amalekitis</span> <span class='ocrx_word' id='word_1_182' title='bbox 2168 2082 2308 2138; x_wconf 84' lang='lat' dir='ltr'>spo-</span> 
     </span>
     <span class='ocr_line' id='line_1_22' title="bbox 161 2146 2307 2226; baseline 0.001 -23"><span class='ocrx_word' id='word_1_183' title='bbox 161 2146 255 2203; x_wconf 72' lang='lat' dir='ltr'>liata</span> <span class='ocrx_word' id='word_1_184' title='bbox 286 2163 336 2207; x_wconf 88' lang='lat' dir='ltr'>et</span> <span class='ocrx_word' id='word_1_185' title='bbox 374 2152 647 2210; x_wconf 82' lang='lat' dir='ltr'>abducta.</span> <span class='ocrx_word' id='word_1_186' title='bbox 732 2154 859 2222; x_wconf 78' lang='lat' dir='ltr'>Quo</span> <span class='ocrx_word' id='word_1_187' title='bbox 903 2172 1039 2211; x_wconf 87' lang='lat' dir='ltr'>casu</span> <span class='ocrx_word' id='word_1_188' title='bbox 1084 2170 1282 2209; x_wconf 88' lang='lat' dir='ltr'>omnes</span> <span class='ocrx_word' id='word_1_189' title='bbox 1326 2171 1465 2210; x_wconf 86' lang='lat' dir='ltr'>mox</span> <span class='ocrx_word' id='word_1_190' title='bbox 1513 2153 1578 2208; x_wconf 86' lang='lat' dir='ltr'>in</span> <span class='ocrx_word' id='word_1_191' title='bbox 1630 2154 1912 2226; x_wconf 76' lang='lat' dir='ltr'>lacrymas</span> <span class='ocrx_word' id='word_1_192' title='bbox 1958 2158 2307 2226; x_wconf 80' lang='lat' dir='ltr'>eruperunt3</span> 
     </span>
     <span class='ocr_line' id='line_1_23' title="bbox 163 2232 2310 2315; baseline 0.003 -29"><span class='ocrx_word' id='word_1_193' title='bbox 163 2232 395 2307; x_wconf 71' lang='lat' dir='ltr'>seisoeii,</span> <span class='ocrx_word' id='word_1_194' title='bbox 453 2237 661 2295; x_wconf 89' lang='lat' dir='ltr'>dolore</span> <span class='ocrx_word' id='word_1_195' title='bbox 704 2240 765 2295; x_wconf 92' lang='lat' dir='ltr'>in</span> <span class='ocrx_word' id='word_1_196' title='bbox 807 2241 953 2295; x_wconf 89' lang='lat' dir='ltr'>iram</span> <span class='ocrx_word' id='word_1_197' title='bbox 992 2251 1050 2297; x_wconf 93' lang='lat' dir='ltr'>et</span> <span class='ocrx_word' id='word_1_198' title='bbox 1091 2238 1561 2315; x_wconf 85' lang='lat' dir='ltr'>indignationem</span> <span class='ocrx_word' id='word_1_199' title='bbox 1599 2253 1808 2309; x_wconf 88' lang='lat' dir='ltr'>verso,</span> <span class='ocrx_word' id='word_1_200' title='bbox 1863 2234 2147 2293; x_wconf 82' lang='lat' dir='ltr'>Davidem</span> <span class='ocrx_word' id='word_1_201' title='bbox 2177 2254 2310 2293; x_wconf 87' lang='lat' dir='ltr'>eum</span> 
     </span>
     <span class='ocr_line' id='line_1_24' title="bbox 163 2313 2307 2400; baseline 0.001 -26"><span class='ocrx_word' id='word_1_202' title='bbox 163 2313 307 2390; x_wconf 65' lang='lat' dir='ltr'>dietis,</span> <span class='ocrx_word' id='word_1_203' title='bbox 355 2333 475 2379; x_wconf 91' lang='lat' dir='ltr'>tum</span> <span class='ocrx_word' id='word_1_204' title='bbox 520 2322 698 2380; x_wconf 84' lang='lat' dir='ltr'>factis</span> <span class='ocrx_word' id='word_1_205' title='bbox 740 2334 928 2399; x_wconf 74' lang='lat' dir='ltr'>petere</span> <span class='ocrx_word' id='word_1_206' title='bbox 962 2332 1306 2400; x_wconf 89' lang='lat' dir='ltr'>coeperunt,</span> <span class='ocrx_word' id='word_1_207' title='bbox 1347 2333 1406 2379; x_wconf 92' lang='lat' dir='ltr'>et</span> <span class='ocrx_word' id='word_1_208' title='bbox 1444 2322 1512 2378; x_wconf 86' lang='lat' dir='ltr'>de</span> <span class='ocrx_word' id='word_1_209' title='bbox 1559 2322 1684 2398; x_wconf 83' lang='lat' dir='ltr'>ipso</span> <span class='ocrx_word' id='word_1_210' title='bbox 1729 2339 1761 2375; x_wconf 92' lang='lat' dir='ltr'>e</span> <span class='ocrx_word' id='word_1_211' title='bbox 1803 2321 1990 2378; x_wconf 88' lang='lat' dir='ltr'>medio</span> <span class='ocrx_word' id='word_1_212' title='bbox 2030 2319 2307 2392; x_wconf 82' lang='lat' dir='ltr'>tollendo,</span> 
     </span>
     <span class='ocr_line' id='line_1_25' title="bbox 163 2402 2309 2487; baseline 0 -28"><span class='ocrx_word' id='word_1_213' title='bbox 163 2407 342 2462; x_wconf 69' lang='lat' dir='ltr'>masilia</span> <span class='ocrx_word' id='word_1_214' title='bbox 367 2410 617 2487; x_wconf 80' lang='lat' dir='ltr'>agitare,</span> <span class='ocrx_word' id='word_1_215' title='bbox 660 2408 913 2467; x_wconf 83' lang='lat' dir='ltr'>Davides</span> <span class='ocrx_word' id='word_1_216' title='bbox 944 2423 1170 2481; x_wconf 83' lang='lat' dir='ltr'>contra,</span> <span class='ocrx_word' id='word_1_217' title='bbox 1210 2409 1500 2486; x_wconf 71' lang='lat' dir='ltr'>singulari</span> <span class='ocrx_word' id='word_1_218' title='bbox 1529 2402 1708 2464; x_wconf 82' lang='lat' dir='ltr'>Jovae</span> <span class='ocrx_word' id='word_1_219' title='bbox 1736 2405 1950 2463; x_wconf 76' lang='lat' dir='ltr'>fiducia</span> <span class='ocrx_word' id='word_1_220' title='bbox 1975 2403 2309 2476; x_wconf 84' lang='lat' dir='ltr'>roboratus,</span> 
     </span>
     <span class='ocr_line' id='line_1_26' title="bbox 163 2488 2311 2563; baseline -0 -14"><span class='ocrx_word' id='word_1_221' title='bbox 163 2494 199 2539; x_wconf 57' lang='grc' dir='ltr'>ἃ</span> <span class='ocrx_word' id='word_1_222' title='bbox 219 2493 421 2550; x_wconf 74' lang='lat' dir='ltr'>oraculo</span> <span class='ocrx_word' id='word_1_223' title='bbox 460 2493 755 2551; x_wconf 83' lang='lat' dir='ltr'>divinitus</span> <span class='ocrx_word' id='word_1_224' title='bbox 785 2493 920 2550; x_wconf 85' lang='lat' dir='ltr'>dato</span> <span class='ocrx_word' id='word_1_225' title='bbox 956 2494 1025 2551; x_wconf 87' lang='lat' dir='ltr'>de</span> <span class='ocrx_word' id='word_1_226' title='bbox 1062 2495 1270 2552; x_wconf 84' lang='lat' dir='ltr'>damno</span> <span class='ocrx_word' id='word_1_227' title='bbox 1300 2492 1687 2563; x_wconf 87' lang='lat' dir='ltr'>resarciendo,</span> <span class='ocrx_word' id='word_1_228' title='bbox 1730 2491 2021 2548; x_wconf 89' lang='lat' dir='ltr'>sociorum</span> <span class='ocrx_word' id='word_1_229' title='bbox 2051 2488 2311 2548; x_wconf 84' lang='lat' dir='ltr'>furorem</span> 
     </span>
     <span class='ocr_line' id='line_1_27' title="bbox 163 2567 2306 2655; baseline -0 -24"><span class='ocrx_word' id='word_1_230' title='bbox 163 2567 387 2645; x_wconf 68' lang='lat' dir='ltr'>depressit.</span> <span class='ocrx_word' id='word_1_231' title='bbox 451 2576 539 2637; x_wconf 81' lang='lat' dir='ltr'>Cf.</span> <span class='ocrx_word' id='word_1_232' title='bbox 577 2582 600 2636; x_wconf 87' lang='lat' dir='ltr'>l</span> <span class='ocrx_word' id='word_1_233' title='bbox 632 2578 787 2637; x_wconf 85' lang='lat' dir='ltr'>Sam.</span> <span class='ocrx_word' id='word_1_234' title='bbox 817 2581 920 2649; x_wconf 88' lang='lat'>30,</span> <span class='ocrx_word' id='word_1_235' title='bbox 958 2582 1008 2636; x_wconf 89' lang='lat' dir='ltr'>l.</span> <span class='ocrx_word' id='word_1_236' title='bbox 1034 2597 1188 2655; x_wconf 87' lang='lat' dir='ltr'>sqq.,</span> <span class='ocrx_word' id='word_1_237' title='bbox 1231 2580 1575 2654; x_wconf 85' lang='lat' dir='ltr'>praesertim</span> <span class='ocrx_word' id='word_1_238' title='bbox 1605 2576 1707 2635; x_wconf 88' lang='lat' dir='ltr'>Vs.</span> <span class='ocrx_word' id='word_1_239' title='bbox 1742 2577 1953 2637; x_wconf 83' lang='lat'>6—8.</span> <span class='ocrx_word' id='word_1_240' title='bbox 2038 2568 2133 2632; x_wconf 84' lang='lat' dir='ltr'>Eo</span> <span class='ocrx_word' id='word_1_241' title='bbox 2175 2576 2306 2651; x_wconf 82' lang='lat' dir='ltr'>ipso</span> 
     </span>
     <span class='ocr_line' id='line_1_28' title="bbox 164 2657 2388 2740; baseline 0 -27"><span class='ocrx_word' id='word_1_242' title='bbox 164 2663 365 2733; x_wconf 73' lang='lat' dir='ltr'>temporis</span> <span class='ocrx_word' id='word_1_243' title='bbox 402 2663 664 2720; x_wconf 85' lang='lat' dir='ltr'>articulo</span> <span class='ocrx_word' id='word_1_244' title='bbox 703 2664 952 2721; x_wconf 83' lang='lat' dir='ltr'>Venema</span> <span class='ocrx_word' id='word_1_245' title='bbox 1001 2670 1169 2740; x_wconf 86' lang='lat' dir='ltr'>putat</span> <span class='ocrx_word' id='word_1_246' title='bbox 1214 2662 1497 2720; x_wconf 86' lang='lat' dir='ltr'>Davidem</span> <span class='ocrx_word' id='word_1_247' title='bbox 1543 2659 1695 2718; x_wconf 86' lang='lat' dir='ltr'>hanc</span> <span class='ocrx_word' id='word_1_248' title='bbox 1744 2662 2067 2718; x_wconf 87' lang='lat' dir='ltr'>orationem</span> <span class='ocrx_word' id='word_1_249' title='bbox 2115 2660 2310 2715; x_wconf 85' lang='lat' dir='ltr'>incre·</span> <span class='ocrx_word' id='word_1_250' title='bbox 2383 2657 2388 2666; x_wconf 74' lang='lat'><em>‘</em></span> 
     </span>
     <span class='ocr_line' id='line_1_29' title="bbox 163 2745 2308 2814; baseline -0.006 -4"><span class='ocrx_word' id='word_1_251' title='bbox 163 2746 378 2810; x_wconf 61' lang='lat' dir='ltr'>pterim</span> <span class='ocrx_word' id='word_1_252' title='bbox 426 2758 486 2803; x_wconf 89' lang='lat' dir='ltr'>et</span> <span class='ocrx_word' id='word_1_253' title='bbox 526 2748 992 2808; x_wconf 82' lang='lat' dir='ltr'>adhortatoriam</span> <span class='ocrx_word' id='word_1_254' title='bbox 1036 2749 1110 2804; x_wconf 87' lang='lat' dir='ltr'>ad</span> <span class='ocrx_word' id='word_1_255' title='bbox 1149 2765 1286 2805; x_wconf 83' lang='lat' dir='ltr'>suos</span> <span class='ocrx_word' id='word_1_256' title='bbox 1332 2749 1687 2804; x_wconf 88' lang='lat' dir='ltr'>convertisse</span> <span class='ocrx_word' id='word_1_257' title='bbox 1732 2746 1923 2802; x_wconf 87' lang='lat' dir='ltr'>socios</span> <span class='ocrx_word' id='word_1_258' title='bbox 1968 2753 2028 2800; x_wconf 87' lang='lat' dir='ltr'>et</span> <span class='ocrx_word' id='word_1_259' title='bbox 2070 2745 2308 2814; x_wconf 83' lang='lat' dir='ltr'>milites,</span> 
     </span>
     <span class='ocr_line' id='line_1_30' title="bbox 164 2826 2306 2909; baseline -0.001 -23"><span class='ocrx_word' id='word_1_260' title='bbox 164 2837 307 2883; x_wconf 69' lang='lat' dir='ltr'>watra</span> <span class='ocrx_word' id='word_1_261' title='bbox 340 2833 523 2907; x_wconf 85' lang='lat' dir='ltr'>ipsum</span> <span class='ocrx_word' id='word_1_262' title='bbox 564 2844 1029 2906; x_wconf 87' lang='lat' dir='ltr'>murmurantes,</span> <span class='ocrx_word' id='word_1_263' title='bbox 1084 2852 1198 2909; x_wconf 86' lang='lat' dir='ltr'>qua</span> <span class='ocrx_word' id='word_1_264' title='bbox 1229 2851 1327 2890; x_wconf 85' lang='lat' dir='ltr'>eos</span> <span class='ocrx_word' id='word_1_265' title='bbox 1363 2831 1437 2889; x_wconf 91' lang='lat' dir='ltr'>ad</span> <span class='ocrx_word' id='word_1_266' title='bbox 1466 2832 1760 2890; x_wconf 88' lang='lat' dir='ltr'>silentium</span> <span class='ocrx_word' id='word_1_267' title='bbox 1790 2831 2075 2908; x_wconf 82' lang='lat' dir='ltr'>redigere,</span> <span class='ocrx_word' id='word_1_268' title='bbox 2133 2838 2191 2884; x_wconf 88' lang='lat' dir='ltr'>et</span> <span class='ocrx_word' id='word_1_269' title='bbox 2235 2826 2306 2883; x_wconf 87' lang='lat' dir='ltr'>de</span> 
     </span>
     <span class='ocr_line' id='line_1_31' title="bbox 163 2906 2309 2996; baseline 0 -28"><span class='ocrx_word' id='word_1_270' title='bbox 163 2906 306 2969; x_wconf 70' lang='lat' dir='ltr'>favore</span> <span class='ocrx_word' id='word_1_271' title='bbox 342 2914 446 2973; x_wconf 82' lang='lat' dir='ltr'>Dei</span> <span class='ocrx_word' id='word_1_272' title='bbox 488 2936 639 2996; x_wconf 79' lang='lat' dir='ltr'>erga</span> <span class='ocrx_word' id='word_1_273' title='bbox 681 2936 743 2975; x_wconf 87' lang='lat' dir='ltr'>se</span> <span class='ocrx_word' id='word_1_274' title='bbox 783 2920 1061 2978; x_wconf 82' lang='lat' dir='ltr'>certiores</span> <span class='ocrx_word' id='word_1_275' title='bbox 1106 2917 1328 2990; x_wconf 84' lang='lat' dir='ltr'>facere,</span> <span class='ocrx_word' id='word_1_276' title='bbox 1388 2916 1642 2992; x_wconf 85' lang='lat' dir='ltr'>adeoque</span> <span class='ocrx_word' id='word_1_277' title='bbox 1674 2915 1750 2974; x_wconf 87' lang='lat' dir='ltr'>ad</span> <span class='ocrx_word' id='word_1_278' title='bbox 1781 2914 2053 2974; x_wconf 85' lang='lat' dir='ltr'>fiduciam</span> <span class='ocrx_word' id='word_1_279' title='bbox 2086 2914 2151 2969; x_wconf 87' lang='lat' dir='ltr'>in</span> <span class='ocrx_word' id='word_1_280' title='bbox 2179 2909 2309 2969; x_wconf 90' lang='lat' dir='ltr'>Deo</span> 
     </span>
     <span class='ocr_line' id='line_1_32' title="bbox 166 2992 706 3060; baseline 0.009 -7"><span class='ocrx_word' id='word_1_281' title='bbox 166 2992 398 3058; x_wconf 71' lang='lat' dir='ltr'>dhomri</span> <span class='ocrx_word' id='word_1_282' title='bbox 433 3014 706 3060; x_wconf 84' lang='lat' dir='ltr'>conetur.</span> 
     </span>
    </p>
   </div>
   <div class='ocr_carea' id='block_1_3' title="bbox 165 3162 2384 4455">
    <p class='ocr_par' dir='ltr' id='par_1_3' title="bbox 165 3162 2384 4455">
     <span class='ocr_line' id='line_1_33' title="bbox 283 3162 2378 3246; baseline -0.007 -13"><span class='ocrx_word' id='word_1_283' title='bbox 283 3169 335 3232; x_wconf 76' lang='lat'>2.</span> <span class='ocrx_word' id='word_1_284' title='bbox 411 3173 628 3232; x_wconf 72' lang='lat' dir='ltr'>Annae</span> <span class='ocrx_word' id='word_1_285' title='bbox 665 3169 841 3246; x_wconf 72' lang='lat' dir='ltr'>mihi,</span> <span class='ocrx_word' id='word_1_286' title='bbox 894 3171 1267 3245; x_wconf 73' lang='lat' dir='ltr'>inclamanti,</span> <span class='ocrx_word' id='word_1_287' title='bbox 1324 3181 1394 3231; x_wconf 77' lang='lat' dir='ltr'>tu</span> <span class='ocrx_word' id='word_1_288' title='bbox 1439 3168 1815 3228; x_wconf 71' lang='lat' dir='ltr'>innocentiae</span> <span class='ocrx_word' id='word_1_289' title='bbox 1853 3183 2015 3226; x_wconf 79' lang='lat' dir='ltr'>meae</span> <span class='ocrx_word' id='word_1_290' title='bbox 2062 3162 2315 3222; x_wconf 70' lang='lat' dir='ltr'>vindex!</span> <span class='ocrx_word' id='word_1_291' title='bbox 2373 3179 2378 3188; x_wconf 62' lang='lat'><em>¹</em></span> 
     </span>
     <span class='ocr_line' id='line_1_34' title="bbox 170 3242 2314 3334; baseline -0.005 -20"><span class='ocrx_word' id='word_1_292' title='bbox 170 3242 255 3322; x_wconf 65' lang='grc' dir='ltr'>ΤΒ,</span> <span class='ocrx_word' id='word_1_293' title='bbox 302 3256 396 3331; x_wconf 71' lang='lat' dir='ltr'>qui</span> <span class='ocrx_word' id='word_1_294' title='bbox 442 3275 522 3315; x_wconf 70' lang='lat' dir='ltr'>ea·</span> <span class='ocrx_word' id='word_1_295' title='bbox 563 3258 873 3334; x_wconf 76' lang='lat' dir='ltr'>angustiis</span> <span class='ocrx_word' id='word_1_296' title='bbox 914 3257 1118 3315; x_wconf 78' lang='lat' dir='ltr'>educis</span> <span class='ocrx_word' id='word_1_297' title='bbox 1161 3276 1250 3314; x_wconf 72' lang='lat' dir='ltr'>nse</span> <span class='ocrx_word' id='word_1_298' title='bbox 1276 3257 1359 3314; x_wconf 88' lang='lat' dir='ltr'>.in</span> <span class='ocrx_word' id='word_1_299' title='bbox 1398 3255 1530 3314; x_wconf 80' lang='lat' dir='ltr'>ioca</span> <span class='ocrx_word' id='word_1_300' title='bbox 1565 3253 1888 3334; x_wconf 83' lang='lat' dir='ltr'>patentia,</span> <span class='ocrx_word' id='word_1_301' title='bbox 1955 3249 2124 3308; x_wconf 76' lang='lat' dir='ltr'>adsis</span> <span class='ocrx_word' id='word_1_302' title='bbox 2167 3246 2314 3305; x_wconf 72' lang='lat' dir='ltr'>milti</span> 
     </span>
     <span class='ocr_line' id='line_1_35' title="bbox 165 3334 2316 3424; baseline -0.007 -19"><span class='ocrx_word' id='word_1_303' title='bbox 165 3340 424 3414; x_wconf 64' lang='lat' dir='ltr'>Pfflpt&#39;lt&#39;us,</span> <span class='ocrx_word' id='word_1_304' title='bbox 463 3353 523 3399; x_wconf 86' lang='lat' dir='ltr'>et</span> <span class='ocrx_word' id='word_1_305' title='bbox 562 3343 791 3401; x_wconf 72' lang='lat' dir='ltr'>exaudi</span> <span class='ocrx_word' id='word_1_306' title='bbox 822 3361 1033 3421; x_wconf 81' lang='lat' dir='ltr'>preces</span> <span class='ocrx_word' id='word_1_307' title='bbox 1071 3341 1274 3399; x_wconf 82' lang='lat' dir='ltr'>meas!</span> <span class='ocrx_word' id='word_1_308' title='bbox 1353 3353 1567 3424; x_wconf 45' lang='grc' dir='ltr'>’κῆρε</span> <span class='ocrx_word' id='word_1_309' title='bbox 1599 3341 1661 3396; x_wconf 86' lang='lat' dir='ltr'>in</span> <span class='ocrx_word' id='word_1_310' title='bbox 1687 3334 1989 3395; x_wconf 80' lang='lat' dir='ltr'>clamando</span> <span class='ocrx_word' id='word_1_311' title='bbox 2021 3351 2130 3406; x_wconf 74' lang='lat' dir='ltr'>nte,</span> <span class='ocrx_word' id='word_1_312' title='bbox 2175 3334 2316 3392; x_wconf 88' lang='lat' dir='ltr'>dum</span> 
     </span>
     <span class='ocr_line' id='line_1_36' title="bbox 172 3407 2316 3506; baseline -0.004 -22"><span class='ocrx_word' id='word_1_313' title='bbox 172 3416 323 3495; x_wconf 70' lang='lat' dir='ltr'>dimo,</span> <span class='ocrx_word' id='word_1_314' title='bbox 373 3446 502 3485; x_wconf 88' lang='lat' dir='ltr'>cum</span> <span class='ocrx_word' id='word_1_315' title='bbox 546 3427 853 3504; x_wconf 83' lang='lat' dir='ltr'>implorem</span> <span class='ocrx_word' id='word_1_316' title='bbox 896 3447 1059 3502; x_wconf 88' lang='lat' dir='ltr'>opem</span> <span class='ocrx_word' id='word_1_317' title='bbox 1100 3438 1278 3486; x_wconf 82' lang='lat' dir='ltr'>tuam.</span> <span class='ocrx_word' id='word_1_318' title='bbox 1362 3407 1824 3506; x_wconf 51' lang='lat' dir='ltr'>*qgfi&#39;iesponde</span> <span class='ocrx_word' id='word_1_319' title='bbox 1862 3418 2039 3494; x_wconf 76' lang='lat' dir='ltr'>milii,</span> <span class='ocrx_word' id='word_1_320' title='bbox 2099 3417 2316 3477; x_wconf 85' lang='lat' dir='ltr'>exaudi</span> 
     </span>
     <span class='ocr_line' id='line_1_37' title="bbox 174 3490 2311 3591; baseline -0.005 -23"><span class='ocrx_word' id='word_1_321' title='bbox 174 3515 241 3557; x_wconf 58' lang='grc' dir='ltr'>ΙΕ-</span> <span class='ocrx_word' id='word_1_322' title='bbox 303 3508 455 3570; x_wconf 77' lang='lat' dir='ltr'>Alex.</span> <span class='ocrx_word' id='word_1_323' title='bbox 489 3514 703 3587; x_wconf 84' lang='lat' dir='ltr'>interp.</span> <span class='ocrx_word' id='word_1_324' title='bbox 740 3505 1044 3591; x_wconf 75' lang='grc' dir='ltr'><strong><em>εἶςῆκουσέ</em></strong></span> <span class='ocrx_word' id='word_1_325' title='bbox 1079 3533 1200 3585; x_wconf 82' lang='grc' dir='ltr'>μου</span> <span class='ocrx_word' id='word_1_326' title='bbox 1240 3490 1541 3591; x_wconf 47' lang='lat' dir='ltr'>(vulgati,</span> <span class='ocrx_word' id='word_1_327' title='bbox 1578 3528 1744 3587; x_wconf 86' lang='lat' dir='ltr'>quem</span> <span class='ocrx_word' id='word_1_328' title='bbox 1777 3515 2098 3583; x_wconf 84' lang='lat' dir='ltr'>sequuntur</span> <span class='ocrx_word' id='word_1_329' title='bbox 2129 3503 2311 3563; x_wconf 81' lang='lat' dir='ltr'>Arabs</span> 
     </span>
     <span class='ocr_line' id='line_1_38' title="bbox 177 3589 2314 3677; baseline -0.001 -32"><span class='ocrx_word' id='word_1_330' title='bbox 177 3589 493 3671; x_wconf 45' lang='lat' dir='ltr'>&amp;Aethioph</span> <span class='ocrx_word' id='word_1_331' title='bbox 538 3597 906 3676; x_wconf 70' lang='lat' dir='ltr'>exaudivit).</span> <span class='ocrx_word' id='word_1_332' title='bbox 988 3597 1338 3656; x_wconf 85' lang='lat' dir='ltr'>Enuntiavit</span> <span class='ocrx_word' id='word_1_333' title='bbox 1381 3611 1542 3677; x_wconf 57' lang='grc' dir='ltr'>Ἶριν,</span> <span class='ocrx_word' id='word_1_334' title='bbox 1584 3612 1690 3650; x_wconf 90' lang='lat' dir='ltr'>nec</span> <span class='ocrx_word' id='word_1_335' title='bbox 1722 3591 2084 3649; x_wconf 89' lang='lat' dir='ltr'>incommodo</span> <span class='ocrx_word' id='word_1_336' title='bbox 2119 3606 2314 3659; x_wconf 87' lang='lat' dir='ltr'>sensu,</span> 
     </span>
     <span class='ocr_line' id='line_1_39' title="bbox 178 3664 2317 3757; baseline -0.007 -16"><span class='ocrx_word' id='word_1_337' title='bbox 178 3670 274 3741; x_wconf 62' lang='grc' dir='ltr'>Ν·</span> <span class='ocrx_word' id='word_1_338' title='bbox 300 3675 471 3754; x_wconf 80' lang='lat' dir='ltr'>Deua,</span> <span class='ocrx_word' id='word_1_339' title='bbox 532 3684 641 3757; x_wconf 88' lang='lat' dir='ltr'>qui</span> <span class='ocrx_word' id='word_1_340' title='bbox 671 3702 763 3738; x_wconf 89' lang='lat' dir='ltr'>me</span> <span class='ocrx_word' id='word_1_341' title='bbox 796 3685 1162 3741; x_wconf 88' lang='lat' dir='ltr'>invocantem</span> <span class='ocrx_word' id='word_1_342' title='bbox 1198 3701 1421 3756; x_wconf 78' lang='lat' dir='ltr'>semper</span> <span class='ocrx_word' id='word_1_343' title='bbox 1441 3664 1710 3749; x_wconf 48' lang='lat' dir='ltr'>audisti,</span> <span class='ocrx_word' id='word_1_344' title='bbox 1766 3679 2038 3734; x_wconf 86' lang='lat' dir='ltr'>miserere</span> <span class='ocrx_word' id='word_1_345' title='bbox 2068 3684 2125 3732; x_wconf 90' lang='lat' dir='ltr'>et</span> <span class='ocrx_word' id='word_1_346' title='bbox 2161 3689 2317 3730; x_wconf 85' lang='lat' dir='ltr'>nuuc</span> 
     </span>
     <span class='ocr_line' id='line_1_40' title="bbox 179 3749 2317 3846; baseline 0.006 -29"><span class='ocrx_word' id='word_1_347' title='bbox 179 3757 265 3812; x_wconf 65' lang='lat' dir='ltr'>flci-</span> <span class='ocrx_word' id='word_1_348' title='bbox 305 3760 405 3820; x_wconf 81' lang='lat' dir='ltr'>Sed</span> <span class='ocrx_word' id='word_1_349' title='bbox 435 3768 725 3823; x_wconf 79' lang='lat' dir='ltr'>versionis</span> <span class='ocrx_word' id='word_1_350' title='bbox 754 3769 911 3824; x_wconf 78' lang='lat' dir='ltr'>Alex.</span> <span class='ocrx_word' id='word_1_351' title='bbox 945 3767 1235 3842; x_wconf 84' lang='lat' dir='ltr'>exemplar</span> <span class='ocrx_word' id='word_1_352' title='bbox 1262 3749 1538 3824; x_wconf 76' lang='lat' dir='ltr'>Aldinum</span> <span class='ocrx_word' id='word_1_353' title='bbox 1570 3754 1913 3846; x_wconf 63' lang='grc' dir='ltr'><strong><em>εἷςὴκουσας</em></strong></span> <span class='ocrx_word' id='word_1_354' title='bbox 1941 3761 2133 3829; x_wconf 71' lang='lat' dir='ltr'>babet,</span> <span class='ocrx_word' id='word_1_355' title='bbox 2169 3776 2317 3834; x_wconf 71' lang='lat'><strong>‘1¹¹⁰‘</strong></span> 
     </span>
     <span class='ocr_line' id='line_1_41' title="bbox 181 3846 2320 3928; baseline -0.005 -23"><span class='ocrx_word' id='word_1_356' title='bbox 181 3853 264 3897; x_wconf 65' lang='lat'>⁰⁰·</span> <span class='ocrx_word' id='word_1_357' title='bbox 294 3855 656 3908; x_wconf 82' lang='lat' dir='ltr'>consentiunt</span> <span class='ocrx_word' id='word_1_358' title='bbox 695 3850 883 3928; x_wconf 77' lang='lat' dir='ltr'>Syrus</span> <span class='ocrx_word' id='word_1_359' title='bbox 910 3863 967 3909; x_wconf 84' lang='lat' dir='ltr'>et·</span> <span class='ocrx_word' id='word_1_360' title='bbox 1002 3851 1279 3923; x_wconf 68' lang='lat' dir='ltr'>Hierom,</span> <span class='ocrx_word' id='word_1_361' title='bbox 1322 3850 1631 3908; x_wconf 74' lang='lat' dir='ltr'>exaudisti</span> <span class='ocrx_word' id='word_1_362' title='bbox 1663 3866 1786 3920; x_wconf 85' lang='lat' dir='ltr'>me,</span> <span class='ocrx_word' id='word_1_363' title='bbox 1815 3846 2005 3925; x_wconf 86' lang='lat' dir='ltr'>&#39;quasi</span> <span class='ocrx_word' id='word_1_364' title='bbox 2039 3846 2320 3923; x_wconf 79' lang='lat' dir='ltr'>legissent</span> 
     </span>
     <span class='ocr_line' id='line_1_42' title="bbox 183 3927 2321 4016; baseline -0.008 -19"><span class='ocrx_word' id='word_1_365' title='bbox 183 3927 357 4016; x_wconf 39' lang='lat'>⁸323,</span> <span class='ocrx_word' id='word_1_366' title='bbox 400 3937 557 4009; x_wconf 79' lang='lat' dir='ltr'>quod</span> <span class='ocrx_word' id='word_1_367' title='bbox 599 3936 938 4012; x_wconf 77' lang='lat' dir='ltr'>quibusdam</span> <span class='ocrx_word' id='word_1_368' title='bbox 976 3941 1331 4012; x_wconf 88' lang='lat' dir='ltr'>praeplacet,</span> <span class='ocrx_word' id='word_1_369' title='bbox 1389 3935 1518 3992; x_wconf 89' lang='lat' dir='ltr'>ideo</span> <span class='ocrx_word' id='word_1_370' title='bbox 1564 3934 1814 3992; x_wconf 84' lang='lat' dir='ltr'>maxime</span> <span class='ocrx_word' id='word_1_371' title='bbox 1861 3929 2014 4008; x_wconf 89' lang='lat' dir='ltr'>quod</span> <span class='ocrx_word' id='word_1_372' title='bbox 2058 3928 2321 4004; x_wconf 87' lang='lat' dir='ltr'>proxime</span> 
     </span>
     <span class='ocr_line' id='line_1_43' title="bbox 187 4015 2322 4104; baseline -0.005 -26"><span class='ocrx_word' id='word_1_373' title='bbox 187 4016 388 4104; x_wconf 56' lang='grc' dir='ltr'>ἣξΐῇη,</span> <span class='ocrx_word' id='word_1_374' title='bbox 433 4022 492 4077; x_wconf 83' lang='grc'>2.</span> <span class='ocrx_word' id='word_1_375' title='bbox 538 4039 692 4097; x_wconf 84' lang='lat' dir='ltr'>pers.</span> <span class='ocrx_word' id='word_1_376' title='bbox 731 4024 1011 4095; x_wconf 83' lang='lat' dir='ltr'>sequitur.</span> <span class='ocrx_word' id='word_1_377' title='bbox 1093 4021 1333 4090; x_wconf 82' lang='lat' dir='ltr'>Verum,</span> <span class='ocrx_word' id='word_1_378' title='bbox 1383 4030 1451 4078; x_wconf 90' lang='lat' dir='ltr'>ut</span> <span class='ocrx_word' id='word_1_379' title='bbox 1492 4028 1715 4078; x_wconf 86' lang='lat' dir='ltr'>taccam</span> <span class='ocrx_word' id='word_1_380' title='bbox 1754 4015 2082 4092; x_wconf 85' lang='lat' dir='ltr'>hujusmodi</span> <span class='ocrx_word' id='word_1_381' title='bbox 2122 4028 2322 4088; x_wconf 87' lang='lat' dir='ltr'>perso-</span> 
     </span>
     <span class='ocr_line' id='line_1_44' title="bbox 185 4093 2323 4181; baseline -0.004 -22"><span class='ocrx_word' id='word_1_382' title='bbox 185 4101 327 4154; x_wconf 68' lang='lat' dir='ltr'>¹²²mm</span> <span class='ocrx_word' id='word_1_383' title='bbox 352 4108 723 4162; x_wconf 84' lang='lat' dir='ltr'>mutationem</span> <span class='ocrx_word' id='word_1_384' title='bbox 753 4110 896 4163; x_wconf 83' lang='lat' dir='ltr'>satis</span> <span class='ocrx_word' id='word_1_385' title='bbox 927 4105 1279 4181; x_wconf 81' lang='lat' dir='ltr'>frequentem</span> <span class='ocrx_word' id='word_1_386' title='bbox 1312 4124 1437 4163; x_wconf 88' lang='lat' dir='ltr'>esse</span> <span class='ocrx_word' id='word_1_387' title='bbox 1466 4106 1526 4161; x_wconf 90' lang='lat' dir='ltr'>in</span> <span class='ocrx_word' id='word_1_388' title='bbox 1559 4103 1716 4161; x_wconf 82' lang='lat' dir='ltr'>hebr.</span> <span class='ocrx_word' id='word_1_389' title='bbox 1754 4100 2145 4180; x_wconf 84' lang='lat' dir='ltr'>poematibus,</span> <span class='ocrx_word' id='word_1_390' title='bbox 2196 4093 2323 4152; x_wconf 84' lang='lat' dir='ltr'>Ma-</span> 
     </span>
     <span class='ocr_line' id='line_1_45' title="bbox 186 4179 2325 4266; baseline 0.003 -35"><span class='ocrx_word' id='word_1_391' title='bbox 186 4179 428 4244; x_wconf 65' lang='lat' dir='ltr'>*arabicae</span> <span class='ocrx_word' id='word_1_392' title='bbox 462 4190 732 4247; x_wconf 85' lang='lat' dir='ltr'>lectionis</span> <span class='ocrx_word' id='word_1_393' title='bbox 769 4194 1069 4249; x_wconf 85' lang='lat' dir='ltr'>veritatem</span> <span class='ocrx_word' id='word_1_394' title='bbox 1102 4209 1221 4248; x_wconf 86' lang='lat' dir='ltr'>uon</span> <span class='ocrx_word' id='word_1_395' title='bbox 1246 4193 1416 4248; x_wconf 86' lang='lat' dir='ltr'>modo</span> <span class='ocrx_word' id='word_1_396' title='bbox 1449 4190 1602 4266; x_wconf 82' lang='lat' dir='ltr'>quod</span> <span class='ocrx_word' id='word_1_397' title='bbox 1633 4208 1773 4247; x_wconf 86' lang='lat' dir='ltr'>mox</span> <span class='ocrx_word' id='word_1_398' title='bbox 1804 4186 2146 4260; x_wconf 87' lang='lat' dir='ltr'>subjicitur,</span> <span class='ocrx_word' id='word_1_399' title='bbox 2186 4179 2325 4237; x_wconf 89' lang='lat' dir='ltr'>huic</span> 
     </span>
     <span class='ocr_line' id='line_1_46' title="bbox 188 4269 2321 4352; baseline -0.008 -16"><span class='ocrx_word' id='word_1_400' title='bbox 188 4269 480 4345; x_wconf 59' lang='lat' dir='ltr'>mPssffllens,</span> <span class='ocrx_word' id='word_1_401' title='bbox 510 4288 678 4352; x_wconf 50' lang='grc' dir='ltr'>’ἒξ-Π,</span> <span class='ocrx_word' id='word_1_402' title='bbox 705 4278 840 4334; x_wconf 86' lang='lat' dir='ltr'>item</span> <span class='ocrx_word' id='word_1_403' title='bbox 874 4277 1157 4351; x_wconf 72' lang='lat' dir='ltr'>imperat,</span> <span class='ocrx_word' id='word_1_404' title='bbox 1183 4276 1282 4332; x_wconf 88' lang='lat' dir='ltr'>sed</span> <span class='ocrx_word' id='word_1_405' title='bbox 1311 4277 1486 4332; x_wconf 88' lang='lat' dir='ltr'>etiam</span> <span class='ocrx_word' id='word_1_406' title='bbox 1516 4276 1871 4350; x_wconf 88' lang='lat' dir='ltr'>reliquorum</span> <span class='ocrx_word' id='word_1_407' title='bbox 1903 4277 2044 4328; x_wconf 80' lang='lat' dir='ltr'>vett.</span> <span class='ocrx_word' id='word_1_408' title='bbox 2071 4271 2321 4341; x_wconf 87' lang='lat' dir='ltr'>interpp.</span> 
     </span>
     <span class='ocr_line' id='line_1_47' title="bbox 192 4342 2384 4455; baseline -0.005 -40"><span class='ocrx_word' id='word_1_409' title='bbox 192 4352 428 4414; x_wconf 59' lang='lat' dir='ltr'>“mensus</span> <span class='ocrx_word' id='word_1_410' title='bbox 464 4342 688 4439; x_wconf 66' lang='lat' dir='ltr'>argui&#39;t.</span> <span class='ocrx_word' id='word_1_411' title='bbox 771 4373 942 4455; x_wconf 37' lang='grc' dir='ltr'>’ρ’-μς</span> <span class='ocrx_word' id='word_1_412' title='bbox 979 4356 1155 4454; x_wconf 56' lang='lat'>&#39;052&#39;222</span> <span class='ocrx_word' id='word_1_413' title='bbox 1191 4362 1404 4437; x_wconf 88' lang='lat' dir='ltr'>optime</span> <span class='ocrx_word' id='word_1_414' title='bbox 1442 4359 1664 4436; x_wconf 82' lang='lat' dir='ltr'>Syrus:</span> <span class='ocrx_word' id='word_1_415' title='bbox 1706 4356 1871 4414; x_wconf 74' lang='lat' dir='ltr'>Deus</span> <span class='ocrx_word' id='word_1_416' title='bbox 1918 4355 2033 4425; x_wconf 79' lang='lat' dir='ltr'>mi,</span> <span class='ocrx_word' id='word_1_417' title='bbox 2087 4361 2148 4409; x_wconf 85' lang='lat' dir='ltr'>ct</span> <span class='ocrx_word' id='word_1_418' title='bbox 2193 4369 2324 4407; x_wconf 83' lang='lat' dir='ltr'>ser·</span> <span class='ocrx_word' id='word_1_419' title='bbox 2379 4413 2384 4418; x_wconf 54' lang='grc'><strong>,</strong></span> 
     </span>
    </p>
   </div>
  </div>
 </body>
</html>
