2747 4800
914 346 917 350 ,
977 283 1102 350 Pe.
1139 298 1183 344 »ι
1206 279 1334 373 15,
1373 272 1674 371 9’--18,.
1906 270 1974 315 ”
2285 283 2435 358 595

216 455 453 537 tilium,
479 458 709 534 adjutor
736 479 957 537 eorum,
987 462 1410 541 israelitarum,
1436 463 1635 525 subito
1663 474 1886 528 mutate
1918 468 2169 528 secunda
2193 489 2438 547 persono
2478 491 2484 497 ·

217 542 284 599 in
318 545 587 618 tertiam,
643 555 711 603 ut
743 549 1099 621 saepissime.
1187 550 1393 608 Potest
1416 549 1841 627 hemistichium
1873 555 2195 628 posterius,
2253 555 2348 614 hic
2375 570 2439 617 et

220 626 523 705 deinceps,
579 632 763 706 accipi
802 644 1077 709 tauquam
1107 637 1402 713 generalis
1439 638 1762 708 sententia,
1817 636 2050 711 perinde
2081 641 2248 715 quasi
2278 641 2437 700 dice-

217 721 411 770 retur:
452 711 611 771 Deus
645 734 880 789 eorum,
925 721 1026 793 qui
1058 721 1134 777 in-
1154 722 1279 795 ipso
1307 738 1464 796 spem
1497 731 1818 796 reponunt,
1858 732 2048 777 certus
2079 726 2310 798 clypeus
2344 739 2435 784 est

219 804 282 854 et
310 810 724 878 propugnator.
781 800 1027 876 Eorum,
1061 824 1139 861 sc.
1174 806 1274 881 qni
1305 805 1368 861 in
1402 807 1529 880 ipso
1555 815 1802 881 sperant.
1861 803 2188 863 Relativum
2221 809 2435 886 absque

217 883 609 955 antecedente,
652 897 718 965 ut
752 888 894 960 104,
912 889 971 946 2.
1018 892 1148 947 coll.
1181 887 1322 959 125,
1345 892 1400 945 1.
1462 888 1578 946 Pro
1615 888 1976 964 imperativis
2011 902 2148 968 uqa,
2177 902 2234 949 et
2263 905 2432 974 ant-723

219 966 286 1021 in
326 963 438 1022 hoc
480 978 538 1024 et
586 970 808 1027 duobus
848 976 1218 1048 sequentibus
1258 974 1533 1041 Versibus
1581 975 1925 1048 interpretes
1971 971 2191 1032 veteres
2236 963 2432 1035 omnes

214 1067 625 1126 expresserunt
663 1058 977 1130 praeterita
1015 1070 1158 1146 uqa*
1201 1067 1259 1115 et
1298 1072 1493 1147 ant-33³3.

392 1154 486 1209 10.
573 1153 746 1241 ῑῆζῃξ
787 1170 907 1235 27³3
949 1154 1173 1215 Domus
1215 1159 1457 1232 Aaron,
1516 1160 1558 1216 i.
1590 1178 1643 1215 e.
1680 1157 2040 1229 sacerdotes,
2080 1162 2178 1234 qui
2216 1161 2329 1219 soli
2361 1183 2435 1221 ex

214 1235 479 1293 omnibus
523 1244 869 1299 nominatim
913 1244 1368 1319 compellantur,
1441 1251 1509 1300 ut
1547 1241 1922 1320 peculiariter
1973 1242 2098 1301 Deo
2147 1246 2326 1303 dicati
2376 1260 2436 1305 et

211 1325 558 1381 consecrati.

394 1407 486 1462 ll.
570 1410 733 1470 7753*
780 1422 930 1478 'et-'¹³
978 1410 1280 1471 Timentes
1319 1411 1565 1485 Ionam,
1626 1412 1664 1468 i.
1696 1431 1745 1468 e.
1782 1420 1842 1468 et
1880 1430 1987 1469 vos
2025 1431 2221 1471 omnes
2257 1434 2436 1489 pecu-

210 1488 460 1561 liariter,
483 1494 606 1567 .qui
630 1477 777 1574 Erga
806 1476 996 1555 ficum
1027 1499 1166 1555 estis
1196 1499 1482 1577 religiosi.
1545 1495 1953 1553 Aben·Esra:
1995 1515 2069 1555 ex
2098 1516 2437 1574 quacunque
2549 1574 2555 1580 .

210 1575 450 1632 untione
477 1577 571 1633 vel
607 1594 797 1656 gente.
880 1580 1110 1640 Jarchi:
1142 1583 1475 1661 proselyti,
1515 1584 1617 1658 qui
1646 1584 1822 1664 etiam
1853 1582 1914 1637 in
1939 1582 2100 1639 Actis
2127 1564 2436 1659 Apostolo-

211 1675 346 1717 rum
378 1661 462 1717 ita
492 1665 701 1735 passim
732 1668 1118 1742 appellantur,
1164 1678 1231 1725 ut
1264 1670 1360 1740 10,
1395 1668 1446 1723 1.
1479 1668 1578 1726 22.
1624 1667 1722 1737 13,
1762 1666 1854 1722 16.
1884 1667 1984 1722 26.
2510 1676 2517 1681 ‘

391 1763 622 1822 1213.
708 1762 888 1837 Jova,
952 1769 1053 1842 qui
1102 1767 1291 1826 adhuc
1345 1770 1542 1826 nostri
1587 1784 1786 1829 curam
1834 1783 2146 1844 numquam
2202 1764 2433 1844 abjecit,

215 1862 362 1921 quae
389 1863 496 1903 sua
528 1856 617 1905 est
645 1850 1076 1924 misericordia,
1121 1862 1324 1932 perget
1353 1853 1709 1911 benefacere.
1774 1849 1962 1908 Porro
1995 1850 2192 1915 eadem
2223 1869 2429 1911 rursus

213 1929 622 1989 distributione
666 1936 890 2008 utitur,
953 1955 1068 2011 qua
1113 1948 1317 2010 antea,
1377 1954 1449 1993 ac
1484 1940 1672 2013 primo
1717 1936 1845 1993 ioco
1894 1934 2189 1994 [eraclitae
2234 1955 2433 1996 omnes

208 2016 398 2092 ponit,
441 2015 644 2083 deinde
671 2020 914 2077 seorsim
940 2018 1267 2078 sacerdotes
1299 2030 1473 2097 atque
1497 2021 1753 2091 Levitae,
1785 2037 1854 2076 ac
1882 2017 2128 2097 denique
2162 2016 2284 2098 (Vs.
2310 2018 2433 2100 13.)

207 2100 338 2175 pios
368 2119 562 2158 omnes
592 2113 653 2157 et
674 2103 983 2182 religiosos
1012 2103 1123 2164 Dei
1153 2105 1431 2177 cultores,
1474 2101 1864 2185 fl'bfiffi'fl’:
1908 2110 2166 2190 ΒἿΒτρῙεὶ-ι
2202 2123 2433 2183 parvos

167 2256 174 2263 1
209 2200 393 2260 aeque
434 2203 509 2243 ac
550 2203 826 2263 magnos,
869 2190 994 2245 sine
1025 2187 1360 2247 discrimine
1407 2190 1506 2266 (ut
1543 2170 1659 2247 Jer².
1689 2189 1867 2260 6,13.
1920 2172 2016 2262 16⁸,
2047 2169 2111 2246 6.ι
2145 2191 2249 2262 31,
2276 2189 2433 2266 34.),

210 2270 600 2347 cujuscunque
639 2269 993 2329 conditionis
1040 2283 1142 2330 aut
1186 2276 1432 2347 aetatis,
1492 2273 1683 2331 tribus
1724 2282 1827 2329 aut
1873 2274 2132 2331 nationis
2176 2273 2431 2345 fuerint3

208 2354 532 2428 neminem,
601 2356 774 2414 modo
839 2357 1115 2441 dignum,
1159 2356 1425 2418 ‘suorum
1483 2356 1893 2417 beneficiorum
1914 2374 1933 2383 ³
1956 2369 2247 2436 expertem
2304 2378 2433 2420 esse

205 2440 448 2515 patitur.
1672 2433 1691 2450 ’

384 2524 481 2582 14.
563 2523 834 2606 Augebit,
876 2530 993 2606 vel,
1032 2539 1245 2611 augeat
1263 2530 1336 2587 in
1371 2531 1491 2589 dies
1519 2526 1708 2607 magis
1736 2545 1807 2585 ac
1835 2523 2025 2607 magis
2057 2545 2219 2586 suam
2252 2528 2431 2588 bene-

204 2605 498 2666 ficentiam
541 2630 678 2691 erga
721 2630 826 2670 vos
867 2621 925 2670 et
967 2615 1463 2682 liberosvestros.
1549 2612 1638 2672 Ad
1680 2616 1799 2698 ηδ)
1843 2611 2124 2690 augebit,
2184 2614 2428 2674 subaud.

209 2689 379 2766 bona,
423 2706 621 2771 estque
657 2695 786 2769 hoc,
832 2698 1145 2755 seeundum
1178 2698 1624 2768 Aben-Esram,
1666 2699 1979 2772 explicatio
2011 2697 2429 2772 praecedentis,

209 2777 366 2851 quod
398 2777 736 2837 benedicere
770 2791 1146 2858 augmentum
1177 2781 1335 2853 boni,
1373 2781 1726 2840 maledicere
1756 2800 1895 2838 vero
1933 2781 2054 2853 ejus
2087 2779 2430 2840 diminutio-

205 2878 339 2920 nem
371 2864 684 2945 significat,
727 2865 799 2923 cf.
832 2867 977 2924 Gen.
1007 2868 1112 2944 30,
1144 2869 1245 2923 24.
1287 2865 1466 2925 Deut.
1504 2868 1558 2938 l,
1595 2867 1690 2921 11.
1733 2863 2082 2933 28ηω.·24,
2112 2863 2171 2922 3.

381 2965 477 3022 16.
554 2966 708 3032 Quia
740 2966 890 3024 coeli
925 2976 983 3024 et
1015 2963 1221 3023 terrae
1256 2968 1318 3023 in
1350 2967 1615 3042 proxime
1643 2962 2018 3040 praecedente
2046 2961 2233 3022 Versu
2264 2984 2429 3026 men-

209 3048 294 3105 tio
326 3046 483 3106 facta
514 3061 637 3122 est,
679 3049 809 3108 ideo
839 3069 994 3107 nunc
1029 3051 1255 3109 subdit:
1299 3051 1526 3109 coelum
1555 3047 1703 3107 Jova
1737 3049 1851 3106 sibi
1879 3047 2163 3120 retinuit,
2210 3058 2430 3111 terram

205 3150 347 3191 vero
381 3132 710 3192 hominibus
743 3134 1116 3194 habitandam
1153 3137 1474 3210 concessit,
1538 3135 1761 3194 seilicet
1796 3142 1863 3190 ut
1901 3142 2092 3190 essent
2128 3134 2192 3190 in
2233 3138 2429 3212 terris,
2512 3179 2519 3192 ,κ

209 3219 312 3292 qui
340 3215 600 3282 divinum
629 3237 843 3278 numen
873 3230 1288 3279 venerarentur
1317 3222 1553 3297 ejusque
1584 3218 1784 3277 laudes
1818 3217 2237 3295 praedicarent.

385 3322 480 3379 17.
561 3320 632 3380 ln
663 3323 839 3380 coelis
869 3319 1099 3398 quidem
1126 3338 1435 3397 numquam
1463 3319 1695 3394 desunt,
1736 3321 1836 3396 qui
1869 3313 2072 3376 Jovnm
2104 3317 2425 3395 celebrent3

201 3401 306 3466 ned
336 3405 530 3462 voluit
557 3403 717 3464 Deus
752 3407 1032 3466 celebrari
1067 3406 1314 3484 gloriam
1345 3421 1511 3462 suam
1545 3424 1668 3464 non
1698 3413 1924 3463 tantum
1959 3404 2023 3461 in
2056 3405 2272 3476 coelis,
2327 3405 2431 3464 sed

163 3525 176 3544 .
203 3483 379 3545 etiam
410 3489 476 3544 in
509 3487 603 3546 his
634 3492 836 3566 terris3
896 3492 1049 3567 quod
1086 3491 1214 3548 fieri
1244 3508 1362 3548 non
1394 3501 1618 3564 posset,
1672 3490 1729 3547 si
1760 3489 2043 3576 populus,
2101 3491 2204 3565 qni
2236 3491 2427 3565 ipsum

204 3571 381 3644 colit,
431 3571 503 3628 ab
536 3572 801 3632 hostibus
830 3576 1137 3634 deleretur.
1229 3573 1388 3632 Haec
1421 3575 1603 3654 igitur
1633 3575 1923 3632 sententia
1957 3582 2044 3630 est
2077 3570 2247 3647 hujus
2278 3574 2429 3633 Ver·

203 3669 342 3713 sus:
397 3656 451 3712 si
480 3660 765 3732 permittis
794 3679 920 3732 nos,
959 3668 1194 3740 gentem
1227 3669 1382 3717 tuam
1402 3699 1421 3730 ‚
1467 3660 1537 3716 ab
1573 3658 1826 3719 inimicis
1855 3656 2192 3718 nationibus
2224 3653 2433 3733 deleri,

201 3739 334 3816 quis
366 3744 729 3801 tunslaudes
760 3745 825 3801 in
853 3748 1026 3803 terris
1053 3738 1456 3822 praedicabit?
1537 3744 1631 3803 An
1668 3742 1886 3802 mortui
1926 3758 2034 3798 nos
2075 3751 2133 3799 te
2171 3742 2426 3800 celebra-

161 3822 432 3884 ‘bimus2
489 3825 577 3884 cf.
608 3829 667 3902 6,
693 3831 787 3885 10.
833 3829 936 3904 30,
961 3831 1054 3886 10.
1093 3858 1180 3871 ——-
1235 3838 1400 3916 ”⁷3³³
1445 3823 1748 3916 ’ζτᾛ-ὲξ
1787 3823 1902 3916 &52
1945 3819 2068 3883 Nec
2097 3824 2424 3885 laudabunt

201 3918 259 3966 te
299 3927 493 3970 omnes
533 3913 1056 3978 descendentesjn
1094 3912 1455 3986 silentium,
1513 3896 1554 3970 i}
1578 3932 1630 3970 e.
1667 3910 2072 3988 sepulchrum,
2116 3913 2202 3969 sic
2231 3909 2427 3969 nomi-'

198 4004 423 4071 natum,
466 4000 620 4075 quod
651 4001 732 4057 ibi
761 4010 1058 4058 aeternum
1093 3987 1170 4056 sit
1197 3999 1509 4056 silentium.
1565 3996 1720 4055 Hinc
1748 3998 1919 4056 etiam
1949 3994 2147 4052 Latini
2173 3993 2422 4055 silentes

196 4094 307 4153 pro
344 4086 590 4141 mortuis
621 4084 840 4143 dicunt.
918 4084 1007 4143 De
1042 4093 1209 4168 577323
1236 4081 1354 4142 vid.
1387 4084 1605 4154 94,17.
1645 4082 1780 4143 coli.
1812 4081 2081 4161 cognatis
2109 4080 2221 4139 Jes.
2241 4080 2423 4156 62,⁷.

199 4178 270 4219 ae
299 4163 393 4223 Ps.
421 4169 526 4242 22,
550 4170 635 4241 3.,
680 4180 740 4228 et
767 4171 843 4229 ad
873 4190 997 4229 rem
1028 4167 1158 4226 Joh.
1188 4171 1249 4243 3,
1281 4170 1508 4227 17.“18.
2286 4183 2291 4188 ·

364 4269 465 4326 18.
550 4270 807 4330 Sensus:
868 4283 931 4331 nt
970 4288 1081 4330 nos
1120 4272 1253 4330 dum
1287 4269 1398 4328 bae
1432 4271 1559 4354 vita
1592 4266 1880 4340 fruimur,
1942 4266 2154 4327 erimus
2188 4277 2421 4350 tuarum

192 4345 429 4412 landum
462 4356 685 4416 assidui
719 4372 1031 4436 praecones
1061 4358 1128 4417 in
1160 4358 1367 4431 terris,
1407 4373 1519 4416 nec
1553 4355 1903 4504 Qoessagugnm
1937 4371 2191 4435 unquam
2207 4393 2226 4428 ,
2266 4347 2420 4430 qnod

1388 4549 1397 4588 (
