2747 4800
386 270 536 346 604
779 280 784 293 '
1124 279 1246 348 Pe.
1287 276 1452 363 118,
1516 274 1851 367 19—-24,
1954 288 1965 297 ’

559 465 661 536 19
661 470 664 485 '
717 462 1001 525 Pontlliex
1024 479 1144 521 una
1170 481 1303 529 cum
1326 463 1567 540 reliquis
1591 460 1990 526 sacerdotibus
2018 462 2079 521 in
2108 460 2370 524 Sacrarii
2401 468 2584 525 vesti-

381 547 524 612 bulo
569 558 765 622 stans,
825 550 989 623 jubet
1028 549 1142 608 sibl
1185 548 1411 607 recludi
1453 548 1644 620 fores,
1710 558 1776 607 ut
1818 549 2118 628 Ingressus
2158 547 2363 607 Jovam
2405 554 2587 626 possit

269 628 284 639 '⁷
383 633 691 691 celebrare.
760 634 983 694 Similis
1021 634 1355 692 acclamatio
1395 633 1499 704 24,
1524 634 1584 693 9.
1667 630 2037 733 frix-³552}
2066 629 2287 699 Portas
2322 635 2586 712 pietatis

383 727 554 776 vocat
584 717 844 777 Sacrarii
878 728 1114 794 portas,
1167 733 1270 792 per
1300 735 1444 795 quas
1470 718 1733 797 quotidie
1766 717 1854 796 pii
1883 717 2110 776 intrant
2138 718 2203 776 in
2229 717 2586 793 sacrarium,

381 800 859 880 quemadmodum
894 820 1034 861 mox
1070 804 1341 878 explicat.

548 905 652 961 20.
737 901 867 963 Hoc
908 902 1191 961 canebant
1236 903 1300 961 in
1342 903 1470 979 ipso
1514 912 1725 979 portae
1763 902 1965 972 aditn;
2036 901 2213 978 hacc,
2266 905 2586 983 inquiebat,

375 997 584 1066 porta,
624 989 785 1064 cujus
813 989 987 1065 limen
1015 988 1238 1045 nostris
1266 988 1505 1065 pedibus
1537 986 1861 1061 calcamus,
1902 998 2073 1064 porta
2110 1000 2231 1062 est,
2273 1010 2373 1067 per
2412 1009 2586 1067 quam

376 1072 452 1132 ad
478 1070 683 1133 Jovam
710 1072 904 1132 aditus
934 1082 1112 1150 patet,
1151 1071 1192 1129 i.
1220 1092 1272 1131 e.
1305 1092 1409 1149 per
1436 1091 1608 1150 quam
1638 1073 1898 1130 intratur
1929 1073 1993 1130 in
2011 1069 2200 1149 'Jovae
2228 1074 2583 1135 sacrarium.

544 1175 650 1234 21.
677 1170 680 1175 ”
738 1172 899 1233 Haec
925 1172 1176 1232 medium
1205 1175 1526 1233 sacrarium
1555 1170 1813 1252 ingressi
1838 1174 2115 1232 cecinisse
2142 1175 2436 1234 videntur.

543 1276 645 1333 22.
698 1273 987 1335 Videntur
1015 1272 1157 1333 haec
1184 1294 1307 1333 esse
1332 1273 1509 1349 verba
1537 1276 1757 1350 populi,
1787 1273 2181 1335 sacerdotibus
2209 1278 2585 1350 succinentis,

377 1380 532 1435 eum,
574 1362 677 1437 qui
704 1371 875 1419 antes
903 1369 1177 1439 tanquam
1208 1360 1357 1435 lapis
1384 1360 1638 1432 inutilis,
1676 1371 1737 1418 et
1763 1359 1919 1418 nulli
1952 1360 2253 1433 aedilicii,
2265 1362 2304 1419 i.
2331 1380 2382 1419 e.
2407 1365 2585 1441 regni

373 1448 503 1505 loco
533 1446 796 1518 idoneus,
843 1442 918 1503 ab
949 1443 1474 1517 aedificantibus,⁰
1458 1463 1494 1503 ι.
1524 1461 1573 1502 c.
1605 1446 1779 1522 regni
1808 1443 2164 1520 proceribus,
2204 1446 2455 1518 rejectus
2484 1449 2584 1520 sit,

373 1531 551 1591 Jovae
595 1530 956 1626 benignitate
1001 1530 1347 1586 collocatum
1391 1546 1516 1586 esse
1572 1540 1697 1588 37³8
1756 1524 1942 1622 ιύιξύ
1995 1530 2061 1585 in
2116 1537 2301 1607 caput
2350 1531 2582 1607 anguli,

370 1616 741 1694 praecipuum
785 1609 978 1690 operis
1022 1623 1081 1671 et
1117 1612 1391 1670 fabricae.
1470 1595 1835 1693 Intelligitur
1877 1596 2080 1673 domus
2114 1611 2478 1674 Maccabsica
2516 1616 2583 1673 in

372 1706 560 1779 prima
588 1717 694 1756 sua
723 1699 972 1775 origine,
1012 1707 1073 1756 et
1101 1698 1273 1755 initio
1306 1698 1669 1755 moliminum
1699 1697 1853 1755 haud
1885 1699 2085 1776 magni
2113 1700 2437 1772 aestimata,
2477 1700 2584 1758 sed

373 1805 531 1847 nunc
558 1782 633 1842 ad
660 1800 941 1842 summam
969 1782 1313 1858 dignitatem
1343 1792 1574 1854 evecta,
1630 1798 1808 1857 qaum
1834 1780 2077 1855 Simon,
2129 1782 2251 1842 dux
2275 1802 2582 1861 supremus

371 1882 431 1931 et
461 1868 738 1929 Pontifex
767 1868 990 1939 factus,
1041 1864 1448 1943 rempublicam
1484 1868 1693 1926 misere
1723 1867 2034 1942 collapsam
2063 1869 2448 1941 instauraret,
2493 1870 2584 1927 ita

243 1948 248 1959 ‘
371 1968 439 2014 ut
473 1974 572 2028 ea,
613 1946 784 2011 antea
814 1953 976 2012 varie
1004 1951 1227 2030 agitata
1257 1962 1318 2009 et
1345 1949 1618 2023 adflicta,
1656 1951 1839 2009 libera
1873 1961 1933 2009 et
1971 1970 2176 2009 secura
2209 1953 2291 2009 sit
2326 1953 2583 2011 reddita.

368 2033 651 2100 Proceres
693 2039 865 2116 regni
909 2046 1084 2095 vocat
1131 2036 1357 2117 ῦἿζῆεζ
1395 2034 1825 2109 aedificantes,
1876 2052 2133 2112 quorum
2166 2038 2375 2113 quippe
2413 2036 2583 2111 labor

371 2125 559 2183 omnis
597 2123 663 2182 in
698 2120 1097 2183 conservando
1134 2130 1305 2195 atque
1340 2119 1799 2179 administrando
1830 2119 2178 2196 reipublicae
2210 2130 2366 2178 statu
2402 2141 2585 2180 occu-

371 2221 541 2285 patus
585 2209 685 2265 sit.
769 2207 912 2266 Post
952 2216 1069 2292 3:52
1115 2223 1433 2280 pronomen
1479 2204 1786 2264 relativum
1832 2212 1921 2263 est
1966 2202 2452 2279 subaudiendum,
2511 2220 2583 2267 ιιι

372 2295 515 2366 104,
545 2294 627 2364 9.
665 2303 725 2350 et
755 2292 984 2369 saepius
997 2267 1351 2366 'metaphora
1386 2288 1610 2369 lapidis
1649 2287 1870 2363 rejecti
1906 2291 2087 2365 petita
2119 2288 2190 2347 ab
2222 2288 2584 2366 architectis,

315 2427 318 2428 ν
370 2378 474 2454 qui
497 2375 802 2456 repudiant
829 2386 888 2434 et
916 2374 1208 2450 rejiciunt,
1248 2372 1405 2452 quod
1430 2394 1549 2434 non
1577 2383 1664 2432 est
1693 2384 1890 2451 aptum
1921 2374 2098 2450 operi.
2184 2374 2395 2444 Quae
2378 2395 2576 2456 imago

367 2463 514 2522 bene
556 2463 827 2519 convenit
859 2458 1248 2529 Maccabaeis,
1305 2480 1432 2517 cum
1471 2459 1625 2536 quod
1662 2459 1919 2518 studium
1961 2460 2108 2540 legis
2149 2470 2208 2518 et
2241 2461 2579 2540 religionis,

370 2565 485 2625 quo
514 2546 628 2603 acti
659 2543 930 2618 fuerunt,
986 2543 1284 2618 displicuit
1314 2544 1664 2621 primoribus
1693 2544 2043 2619 reipublicae
2055 2565 2088 2617 ,’
2131 2554 2252 2602 tum
2285 2543 2443 2620 quod
2475 2566 2579 2605 co-

368 2632 605 2689 namina
643 2639 702 2688 et
729 2630 1030 2688 molimina
1063 2646 1262 2687 eorum
1299 2629 1372 2688 ad
1407 2628 1601 2688 hostes
1629 2628 2055 2703 reprimendos,
2113 2636 2173 2686 et
2212 2647 2302 2687 res
2344 2630 2578 2689 instau-

364 2714 614 2789 randas,
656 2733 758 2790 per
785 2715 940 2790 ipsos
973 2713 1105 2771 illos
1133 2732 1432 2792 proceres,
1477 2723 1543 2773 ut
1570 2710 1895 2771 Menelaum
1934 2670 2079 2791 (vid.
2114 2694 2350 2770 ’2Macc.
2376 2717 2441 2789 4,
2471 2717 2578 2775 23.

366 2818 490 2877 sqq.
474 2795 549 2879 .),
589 2799 879 2858 Alcimum
917 2796 973 2875 (1
995 2796 1175 2856 Maec.
1204 2802 1266 2874 7,
1295 2800 1352 2857 5.
1386 2795 1568 2879 sqq.)‚
1611 2796 1939 2868 Pontifices,
1980 2804 2040 2854 et
2071 2799 2218 2855 alios
2248 2812 2579 2879 magnates,

364 2885 581 2963 impios
626 2885 688 2942 in
722 2883 970 2942 historia
1004 2882 1223 2957 dictos,
1267 2884 1492 2943 fuerint
1523 2879 1914 2942 multismodis
1945 2892 2296 2962 oppugnata.
2382 2882 2577 2945 αἰῶ-ι)

282 2983 293 3001 “
362 2981 489 3055 πιεξ
540 2968 743 3047 Caput
785 2967 992 3045 anguli
1038 2979 1228 3028 autem
1274 2969 1404 3028 fieri
1444 2971 1658 3026 dicitur
1701 2966 1886 3042 lapis,
1945 2967 2174 3044 quando
2219 2969 2283 3024 in
2325 2985 2395 3023 eo
2440 2950 2575 3027 loco

357 3056 634 3132 ponitur,
677 3053 779 3112 ubi
815 3053 998 3112 totius
1030 3053 1276 3113 aedificii
1307 3054 1742 3113 commissuram
1775 3052 2041 3109 sustinet.
2127 3049 2345 3109 Eadem
2379 3050 2577 3132 figura

359 3135 479 3198 Jes.
510 3138 613 3212 38,
645 3140 739 3196 10.
785 3136 965 3195 zach.
993 3139 1058 3210 4,
1090 3141 1149 3196 7.
1234 3139 1391 3199 Sunt
1426 3149 1654 3210 tamen,
1693 3137 1796 3213 qui
1824 3154 1941 3192 non
1973 3135 2270 3213 lapidem
2251 3153 2315 3191 ιιι
2350 3141 2575 3216 angulo

358 3222 638 3281 inferiore
669 3224 1014 3281 collocatum
1057 3223 1493 3304 intelligendum
1532 3231 1773 3299 putent,
1830 3222 1929 3278 sed
1966 3219 2332 3299 epistylium,
2392 3240 2575 3297 quum

359 3325 433 3364 ex
465 3307 659 3366 ruinis
693 3307 1058 3381 observetur,
1090 3316 1312 3366 veteres
1342 3308 1682 3388 Aegyptios,
1725 3308 1935 3381 templa
1966 3316 2025 3362 et
2054 3304 2317 3376 aedificia
2349 3307 2577 3377 majora

363 3391 651 3450 columnis
689 3397 1012 3462 struentes,
1069 3409 1267 3453 earum
1305 3392 1592 3468 capitibus
1634 3390 1852 3467 lapides
1886 3389 2139 3467 ingentis
2177 3389 2574 3468 longitudinis

359 3483 418 3530 et
448 3476 740 3540 crassitiei
769 3476 1133 3550 imposuisse,
1167 3479 1267 3555 qui
1294 3478 1547 3536 trabium
1577 3474 1982 3552 primariarum
2011 3475 2138 3531 loco
2169 3476 2573 3548 inservierint,

358 3568 530 3634 atque
561 3557 651 3617 liis
685 3560 815 3618 dein
852 3565 1227 3620 transversim
1261 3564 1408 3620 alios
1437 3561 1695 3658 lapides,
1737 3558 1943 3635 quibus
1970 3568 2262 3615 structura
2292 3568 2574 3638 contege-

356 3652 540 3714 retur,
579 3643 941 3702 instravisse.
998 3643 1188 3727 Magis
1218 3656 1354 3723 apta
1383 3656 1575 3710 tamen
1607 3644 1768 3720 prior
1800 3643 1904 3700 illa
1933 3641 2284 3723 significatio
2310 3640 2574 3715 videtur,

357 3737 424 3784 ut
460 3746 565 3785 rex
605 3737 970 3804 comparetur
1007 3730 1226 3808 lapidi,
1280 3751 1396 3812 quo
1429 3748 1625 3790 omnes
1652 3727 2099 3790 substructionis
2130 3735 2328 3803 partes
2362 3728 2575 3785 nitun-

358 3821 470 3886 tur,
513 3810 587 3869 οἰ.
623 3811 832 3890 Ephes.
863 3813 925 3886 2,
952 3816 1049 3872 20.
1079 3817 1183 3876 21.

519 3913 621 3970 23.
704 3917 828 3975 n-N‘r
869 3924 993 3975 πτι
1001 3925 1049 3974 0⁸³
1093 3920 1253 3978 ’'1507'’
1299 3927 1439 3996 τικζι
1483 3915 1540 3975 Α
1567 3913 1722 3974 Jova
1747 3911 1944 3987 facta
1983 3922 2078 3972 est
2118 3911 2260 3970 haee
2303 3931 2421 3983 res,
2461 3931 2568 3970 sen

332 3997 585 4069 factum
615 4007 709 4054 est
737 3994 868 4069 hoc,
903 3978 1058 4074 quod
1086 3985 1181 4060 Vs.
1218 3983 1475 4080 praeced.
1511 4001 1680 4057 dixit.
1763 4012 1845 4061 a:
1851 4013 1906 4059 ³
1910 4013 1992 4060 ”a
2028 3992 2229 4061 mesko:
2277 4009 2350 4058 ts*
2357 4007 2405 4076 Π
2445 3995 2572 4055 Illa

348 4099 444 4138 res
481 4090 569 4138 est
600 4081 970 4154 admirabilis
1003 4087 1068 4144 ιἰι
1113 4088 1296 4146 oculis
1337 4086 1591 4158 nostris,
1635 4083 1746 4142 hoc
1775 4095 1842 4144 ut
1878 4067 2128 4141 maxime
2132 4062 2569 4141 admirandum

357 4183 671 4245 agnoscere
715 4166 999 4226 debemus.

521 4266 874 4327 2ι1ι.····ιι“ιἸ
920 4275 1064 4331 ἴτ’-’.ιιι
1106 4275 1324 4333 Diffi·
1344 4282 1423 4331 Ἶτ
1467 4267 1675 4343 Haec,
1736 4268 1961 4332 dicebat
1998 4270 2241 4369 populus
2280 4233 2567 4344 principi,

352 4352 582 4430 sibique
609 4332 932 4428 gratulans,
964 4337 1065 4413 ἐπ’
1087 4355 1234 4430 dies,
1263 4375 1434 4436 quan
1449 4352 1627 4430 fecit
1653 4354 1938 4415 illustrem
1966 4373 2036 4412 ac
2063 4354 2350 4433 insignem
2375 4349 2567 4424 Jove,
