2747 4800
367 282 576 365 640,
1025 285 1144 350 Pa.
1191 298 1352 366 127,
1409 277 1470 343 5.
1580 281 1704 348 Pa.
1752 278 1916 345 128.

369 491 485 551 qua
512 471 830 531 educantur
858 480 918 528 et
947 458 1327 529 adservantur
1354 463 1540 524 donec
1567 467 1758 525 emitti
1785 475 2017 545 queant.
2099 466 2297 543 Inepte
2322 469 2581 526 Alexan-

369 560 571 618 drinus
614 555 833 618 *inm-5&
871 555 1216 630 ἐπιθυμίαν
1257 550 1454 613 αὐτοῦ
1507 550 1777 609 reddidit.
1859 547 2177 614 πῶν-ἀὲ
2212 549 2347 610 Non
2378 553 2582 631 pudo-

351 643 547 716 fient,
598 660 717 699 non
752 624 836 697 'ad
867 651 1178 716 utrosque,
1229 647 1496 714 parentes
1535 644 1597 692 et
1626 635 1879 709 liberos,
1940 635 2041 693 sed
2069 636 2142 694 ad
2172 636 2389 695 liberos
2418 638 2583 695 solo·

365 725 729 786 referendum
773 734 896 798 est,
968 742 1114 800 quoe
1158 741 1279 780 non
1327 720 1673 778 frustretur
1665 731 1930 778 conatus
1984 722 2279 796 ipsorum,
2342 719 2583 799 quando

364 812 665 905 negotium
708 811 793 867 eie
833 813 949 875 erit
993 827 1124 866 cum
1168 807 1468 877 hostibus,
1525 814 1594 862 ut
1637 807 1919 881 sequitur.
2004 804 2194 862 Verba
2234 818 2426 868 rua-1
2446 816 2583 865 -22

365 897 554 983 &9352
611 896 991 955 &witz-n&
1046 893 1231 973 vulgo
1270 893 1357 949 sic
1397 888 1795 948 transferunt.
1854 908 2028 967 quum
2080 868 2430 965 loquutus-⁸
2448 909 2588 947 cm

365 962 620 1038 inimicis
659 980 721 1037 in
754 987 972 1056 porta,
1015 980 1055 1035 i.
1083 997 1135 1035 e.
1168 980 1234 1034 in
1264 975 1681 1051 disceptatione
1710 973 1951 1047 forensi,
1992 973 2149 1053 quod
2173 975 2397 1048 judicia
2425 974 2586 1051 apud

366 1075 590 1124 veteres
628 1066 690 1121 in
723 1064 934 1139 portic
975 1061 1234 1121 exerceri
1265 1060 1557 1130 solebant,
1594 1069 1663 1115 ut
1689 1078 1891 1117 sensus
1920 1063 2001 1118 sit
2028 1060 2156 1117 hic·
2202 1058 2587 1119 defendentur

367 1168 403 1208 a
447 1150 601 1207 natis
645 1149 768 1205 auis
812 1156 1079 1219 parentes
1120 1148 1184 1205 in
1219 1144 1457 1216 litibus,
1528 1161 1705 1218 quum
1748 1146 1864 1201 erit
1910 1145 2032 1202 illis
2081 1146 2152 1204 de
2201 1143 2424 1203 honore
2475 1152 2584 1201 aut

363 1235 551 1311 capite
592 1232 1024 1307 disceptandum
1061 1234 1126 1290 in
1163 1230 1332 1301 foro,
1387 1228 1574 1305 patris
1613 1238 1844 1286 causam
1892 1240 2128 1287 strenue
2165 1238 2344 1305 agent
2381 1229 2581 1286 liberi.

364 1318 467 1378 Sic
510 1324 568 1375 et
611 1313 969 1374 Chaldaeus·
1028 1324 1203 1394 quum
1252 1311 1669 1371 contenderint
1724 1312 1791 1369 in
1836 1323 2035 1391 porta
2081 1314 2286 1371 domus
2323 1310 2580 1384 judicii.

364 1404 583 1463 Sensus
619 1420 758 1458 vero
796 1403 982 1459 multo
1020 1403 1213 1477 aptior
1248 1398 1482 1475 prodit,
1543 1398 1597 1454 si
1637 1396 1874 1454 verbum
1922 1405 2050 1460 Ἶῦπ
2096 1398 2153 1456 h.
2186 1400 2226 1454 l.
2261 1397 2582 1475 perdendi,

363 1484 772 1559 interficiendi
823 1485 1157 1563 significatu
1203 1485 1454 1560 accipias
1511 1477 1659 1561 (vid.
1703 1490 1826 1537 not.
1866 1479 1941 1537 ad
1983 1482 2080 1540 Ps.
2119 1485 2216 1554 18,
2242 1479 2400 1558 48..)
2490 1482 2580 1539 lta

363 1574 550 1653 igitur
577 1569 755 1628 verba
783 1582 987 1628 nostra
1018 1577 1158 1627 sunt
1184 1566 1494 1626 vertenda.
1540 1563 1649 1621 sed
1678 1565 1984 1642 periment
2026 1566 2226 1624 hostes
2264 1568 2323 1622 in
2360 1576 2579 1645 porta,

367 1677 413 1715 s.
455 1657 517 1715 in
552 1655 799 1733 portis,
855 1672 1000 1730 quae
1035 1654 1164 1711 ideo
1198 1658 1755 1721 commemorantur,
1784 1651 1957 1726 quod
1990 1649 2063 1707 ad
2099 1658 2294 1727 portas
2323 1651 2578 1728 pugnari

362 1742 667 1818 plurimum
702 1749 760 1795 et
786 1738 1270 1813 periculosissime
1304 1734 1472 1790 solet.
1546 1733 1737 1808 Atque
1775 1738 2295 1810 propugnationem
2332 1754 2438 1812 pro
2474 1753 2579 1809 pa-

364 1824 483 1882 triu
506 1823 776 1881 adversus
807 1820 1001 1879 hostes
1027 1820 1125 1879 hic
1155 1817 1599 1897 intelligendam
1628 1835 1786 1891 esse,
1826 1817 2031 1876 suadet
2057 1823 2231 1878 etiam
2261 1820 2579 1899 allegoriae

264 1912 270 1925 ’
365 1911 552 1980 ratio,
605 1924 777 1983 quum
822 1904 936 1962 filii
976 1925 1105 1963 cum
1143 1903 1401 1979 sagittis
1438 1911 1879 1976 comparentur,
1937 1922 2083 1978 quae
2128 1916 2260 1980 apte
2300 1903 2578 1961 dicuntur

363 1991 559 2049 hostes
589 1989 933 2048 interficere.
1015 1990 1137 2049 Nec
1166 1987 1379 2058 obstat,
1419 1986 1574 2061 quod
1604 1985 1840 2044 verbum
1874 2000 2024 2048 ἾΨΞἿ
2052 1989 2386 2065 praecessit,
2419 1988 2575 2064 quod

362 2076 610 2134 fortasse
640 2075 832 2131 minus
862 2084 1056 2150 aptum
1090 2072 1343 2149 sagittis
1378 2069 1569 2127 dicere
1600 2071 1810 2145 aliquis
1843 2074 2065 2146 possit,
2106 2092 2280 2148 quum
2324 2081 2392 2129 et
2420 2072 2575 2128 alias

363 2161 602 2237 propria
641 2177 772 2214 cum
813 2160 1055 2230 tropicis
1096 2175 1199 2230 per
1241 2143 1606 2235 κατάχρησιν
1646 2157 1879 2212 misceri
1924 2156 2257 2224 videamus3
2322 2155 2402 2210 cf.
2444 2176 2493 2211 e.
2524 2176 2575 2212 c.

362 2253 485 2302 not.
525 2243 600 2301 ad
644 2241 745 2314 68,
776 2243 875 2299 31.
959 2240 1089 2299 Hoc
1130 2247 1325 2298 autem
1366 2239 1597 2297 videtur
1639 2238 1830 2296 dicere
1872 2239 2134 2299 voluisse
2175 2251 2370 2297 vates.
2430 2258 2578 2316 quos

360 2326 521 2387 Deus
567 2327 671 2384 dat
721 2333 782 2382 et
833 2334 1101 2402 procreat
1152 2322 1227 2382 ad
1277 2319 1758 2404 propugnandum
1814 2322 2129 2397 idoneos,
2167 2343 2266 2381 eos
2323 2321 2579 2380 feliciter

361 2429 724 2489 propugnare
777 2429 884 2487 pro
941 2412 1154 2488 patria.
1247 2403 1428 2477 Quasi
1474 2407 1665 2466 dicat:
1735 2406 1895 2468 Deus
1942 2407 2041 2468 dat
2085 2419 2576 2488 propugnatores,

362 2514 483 2553 non
528 2496 756 2554 civitas.

1319 2677 1434 2756 Ps.
1487 2680 1618 2738 128.

530 2794 737 2868 Docet,
767 2798 828 2854 in
856 2813 1077 2853 summa
1103 2800 1480 2875 prosperitate
1506 2799 1688 2855 vitam
1714 2805 1999 2870 acturum,
2029 2799 2356 2876 quicunque
2380 2796 2575 2858 Deum

363 2890 598 2939 veretur
646 2890 704 2938 et
747 2883 924 2954 colit3
985 2882 1160 2939 talem
1203 2882 1493 2940 hominem
1535 2882 1751 2940 frustra
1792 2882 2189 2941 laboraturum
2234 2903 2573 2961 numquam,

363 2968 481 3022 imo
533 2965 675 3023 bene
726 2968 1091 3043 suaviterque
1140 2968 1469 3038 victurum,
1542 2967 1706 3042 eique
1760 2966 2143 3026 abundantem
2192 2970 2393 3026 liberis
2443 2969 2572 3028 fore

362 3049 661 3107 familiam.
734 3049 978 3108 Carmen
1008 3049 1378 3109 concluditur
1404 3059 1569 3123 voto,
1616 3062 1680 3109 ut
1712 3053 1802 3109 vir
1830 3055 1960 3127 pius
1989 3071 2025 3108 a
2059 3051 2183 3110 Deo
2213 3052 2570 3124 fortunetnr,

358 3133 694 3212 fruaturque
721 3144 995 3212 perpetua
1024 3136 1475 3213 tranquillitate,
1503 3141 1563 3193 et
1590 3138 1826 3217 longam
1856 3137 2170 3196 liberorum
2200 3157 2270 3195 ac
2295 3150 2570 3214 nepotum

360 3220 566 3276 seriem
607 3221 947 3297 conspiciat.

528 3333 718 3408 Patet,
745 3334 902 3395 hunc
930 3335 1217 3393 Psalmum
1244 3333 1459 3395 factum
1485 3354 1609 3395 esse
1637 3338 1711 3397 ad
1736 3338 2121 3396 imitationem
2149 3339 2569 3414 praecedentis,

362 3437 529 3496 quem
558 3422 813 3497 explicat
841 3429 902 3478 et
931 3421 1252 3479 confirmat.
1338 3420 1514 3494 Sunt,
1558 3423 1659 3498 qui
1691 3442 1821 3480 eum
1850 3422 2154 3480 formulam
2186 3443 2308 3482 esse
2342 3436 2567 3500 putent,

361 3523 475 3580 qua
516 3503 658 3562 bene
700 3506 925 3582 precari
963 3506 1302 3584 conjugibus
1347 3508 1515 3564 novis
1554 3509 1859 3564 solerent.
1909 3505 2000 3565 De
2042 3517 2294 3585 tempore
2334 3528 2475 3567 vero
2509 3519 2566 3566 et

360 3589 696 3661 occasione,
749 3591 957 3667 quibus
992 3592 1210 3665 primus
1247 3593 1325 3648 sit
1353 3588 1575 3663 factus,
1634 3591 1863 3649 definiri
1892 3591 2043 3649 nihil
2077 3602 2290 3666 potest.
2373 3593 2566 3653 Rebus
2602 3638 2608 3644 .

357 3682 550 3730 autem
584 3666 938 3731 Judaeorum
981 3693 1053 3732 ex
1093 3665 1388 3752 Babylone
1424 3694 1622 3733 recens
1661 3694 2025 3735 reversorum
2069 3677 2568 3737 accommodatum

362 3774 517 3828 esse,
559 3757 829 3815 credibile
865 3758 1006 3816 facit
1036 3756 1176 3831 hoc,
1220 3758 1377 3836 quod
1412 3759 1595 3817 huic
1577 3762 1689 3836 ipsi
1722 3763 2040 3818 carminum
2064 3763 2272 3820 talium
2306 3753 2562 3839 plurium

356 3838 634 3900 fasciculo
666 3844 918 3900 insertus
952 3853 1057 3901 est.
1146 3843 1313 3912 Quod
1346 3847 1532 3920 ipsum
1560 3842 1760 3901 forsan
1791 3843 1900 3901 hoc
1930 3848 2176 3903 consilio
2203 3841 2424 3906 factum
2453 3859 2562 3918 eet,

354 3933 422 3980 ut
463 3935 660 3985 vatum
708 3929 1009 4006 praesagia
1060 3925 1140 4004 (e.
1183 3947 1235 3988 c.
1281 3927 1462 3987 Zach.
1494 3932 1566 4000 8,
1598 3931 1656 3985 4.
1692 3927 1748 3990 5.
1803 3927 2006 3987 Jerem.
2038 3931 2143 4003 30,
2178 3932 2275 3989 19.
2310 3931 2452 4007 20.)
2497 3929 2564 3988 de

355 4025 541 4066 novae
581 4012 935 4084 reipublicae
976 4014 1303 4089 civiumque
1349 4015 1470 4087 ejus
1518 4015 1906 4087 incremento,
1977 4018 2143 4092 quasi
2180 4019 2245 4073 iu
2289 4036 2563 4092 compen-

354 4090 515 4149 dium
546 4094 778 4153 redacta
812 4095 1145 4170 exhiberet,
1186 4107 1358 4174 atque
1389 4099 1475 4154 sic
1505 4098 1710 4172 dejecti
1738 4100 1922 4156 animi
1948 4118 2180 4172 eorum,
2228 4101 2328 4177 qni
2366 4103 2560 4158 tenui·

352 4174 458 4233 bus
487 4195 679 4237 rerum
710 4197 946 4237 suarum
976 4181 1163 4238 initiis
1192 4180 1556 4253 diffidebant,
1605 4180 1678 4239 ad
1710 4202 1870 4259 spem
1896 4183 2203 4241 meliorum
2234 4195 2565 4261 temporum

351 4262 748 4340 erigerentur,
802 4266 1309 4342 excitarenturque
1350 4265 1428 4325 ad
1466 4285 1768 4326 commune
1806 4266 2019 4327 bonum
2054 4268 2288 4328 fortiter
2320 4289 2565 4349 promo-

349 4345 620 4407 vendam.
