2747 4800
246 343 249 350 ⁴
342 256 496 337 340
650 296 658 300 ·
821 332 832 354 ‚
1131 262 1266 332 Ρο.
1308 259 1432 351 5ι,
1484 279 1609 350 29.
1661 219 1845 328 212⁸

519 449 623 507 2⁰.
687 442 960 523 Benigno
979 440 1108 519 fao
1144 464 1224 504 ex
1261 444 1664 505 benevolentia
1694 454 1803 506 ena
1829 440 2024 519 Sinni,
2063 433 2327 519 aedifica
2355 462 2560 506 muros

349 532 915 610 Hierosolymorum.
972 530 1090 590 Sed
1119 534 1355 590 stabant
1379 531 1566 588 adbuc
1599 533 1757 589 muri
1787 529 2348 607 Hierosolymitanae
2372 532 2560 603 urbis,

350 619 595 677 necdum
630 634 742 675 arx
769 614 919 673 Sion
953 615 1152 674 diruta
1182 627 1341 690 erat;
1399 615 1540 692 quid
1566 627 1655 674 est
1685 618 1907 695 igitur,
1956 616 2114 692 quod
2146 626 2343 691 optat,
2398 617 2560 673 muri

351 704 515 761 urbis
546 695 959 762 aedificentur?
1041 699 1215 773 Sunt,
1262 703 1364 778 qui
1395 699 1612 772 dicant,
1653 700 1956 771 Davidem,
1986 700 2186 777 templi
2214 700 2559 757 aedificandi

351 787 640 846 desiderio
675 787 972 842 incensum
1005 794 1230 859 petere,
1282 794 1351 842 ut
1379 784 1685 850 Salomoni
1711 786 1773 842 id
1802 795 2102 842 exstruere
2137 786 2330 862 liceat.
2413 784 2557 856 Sed,

351 889 483 929 mea
509 871 833 940 sententia,
873 867 1080 926 durum
1106 868 1370 942 videtur,
1414 872 1685 945 templum
1710 869 2031 950 significari
2062 871 2244 926 muris
2269 866 2559 926 Hieroso-

348 956 668 1032 lymitanac
706 952 889 1011 urbis.
970 953 1094 1010 Alii
1122 965 1394 1027 monent,
1453 952 1631 1012 fuisse
1666 952 1891 1029 quidem
1919 951 2164 1026 Davidis
2196 954 2558 1029 temporibus

346 1041 470 1115 jam
508 1037 863 1097 exstructam
901 1037 1131 1116 urbem,
1183 1040 1283 1095 sed
1319 1039 1577 1097 nondum
1606 1040 1682 1096 ad
1708 1055 1872 1095 suam
1906 1036 2316 1111 perfectionem
2350 1052 2559 1110 pervc-

350 1126 533 1198 nisse,
576 1141 683 1181 nec
706 1122 890 1179 muris
916 1122 1159 1196 lapideis
1186 1124 1467 1196 cinctam,
1510 1124 1663 1199 quod
1698 1142 1733 1181 a
1767 1122 2076 1181 Salomone
2105 1122 2332 1186 demum
2359 1121 2573 1199 fiebat,

348 1208 468 1268 vid.
507 1211 535 1266 l
556 1206 700 1288 Reg.
726 1206 789 1277 3,
811 1207 863 1263 1.
936 1203 1096 1264 Hinc
1135 1204 1190 1266 h.
1219 1210 1259 1265 l.
1297 1209 1385 1264 sic
1421 1200 1905 1285 interpretantur:
1953 1223 2027 1264 ne
2056 1218 2293 1282 propter
2320 1218 2560 1281 peccata
2600 1205 2611 1208 Ἰ

351 1311 482 1351 mea
520 1290 718 1350 desine
754 1288 927 1348 Sioni
962 1287 1191 1364 favere,
1243 1301 1303 1350 et
1332 1291 1873 1369 Hierosolymorum
1904 1308 2136 1364 muros,
2191 1299 2258 1348 ut
2290 1292 2558 1367 coepisti,

351 1387 666 1436 exstruere
693 1385 874 1454 atque
904 1375 1289 1451 amplificare,
1341 1388 1410 1435 ut
1436 1377 1598 1435 urbis
1630 1377 1878 1440 ambitus
1913 1379 2100 1451 ipsum
2132 1394 2357 1452 quoque
2383 1393 2556 1432 mon-

267 1455 276 1461 ’
350 1473 470 1521 tem
493 1461 770 1521 Sionium
798 1459 1011 1534 capiat,
1054 1470 1121 1517 ut
1148 1462 1211 1518 in
1244 1462 1434 1520 medio
1463 1462 1624 1519 urbis
1652 1463 1824 1518 liceat
1855 1461 2051 1519 videre
2077 1470 2353 1531 montem,
2380 1477 2558 1535 super

350 1548 469 1623 quo
513 1556 788 1621 tanquam
827 1543 893 1600 in
936 1560 1071 1601 arce
1107 1543 1289 1604 Jovae
1332 1548 1603 1622 templum
1651 1555 2007 1603 exstruatur.
2098 1545 2356 1604 veritum
2398 1546 2557 1602 enim

349 1649 476 1690 csse
514 1627 832 1700 Davidem,
885 1645 961 1683 uc
998 1630 1198 1702 templi
1238 1629 1583 1688 exstruendi
1618 1640 1678 1687 et
1716 1629 1948 1688 divinae
1989 1628 2366 1688 habitationis
2405 1627 2557 1686 felix

349 1713 499 1790 illud
535 1714 918 1793 promissum,
958 1730 1073 1788 quo
1106 1717 1392 1791 promisso
1422 1731 1550 1790 spes
1582 1715 1973 1791 posteritatis,
2012 1724 2072 1772 et
2102 1716 2269 1793 regni
2298 1715 2389 1770 sui
2416 1730 2555 1768 suc-

236 1803 245 1812 '
350 1801 539 1857 cessio
583 1780 913 1869 nitebatur,
983 1814 1090 1854 suo
1144 1798 1397 1856 admisso
1455 1800 1669 1856 scelere
1721 1800 1785 1855 in
1829 1798 2031 1857 Uriam
2081 1801 2316 1866 irritum
2359 1797 2547 1855 lieret.

352 1883 703 1941 observavit
728 1891 919 1954 autem
935 1881 1055 1955 jam
1075 1883 1274 1941 Aben-
1290 1883 1461 1956 Esra,
1486 1901 1609 1941 esse
1637 1885 1868 1944 doctum
1897 1885 2182 1960 quendam
2204 1881 2553 1955 Hispanum,

352 1969 458 2046 qui
493 1968 887 2043 suspicaretur
921 1967 1066 2024 duos
1101 1966 1273 2028 hosce
1303 1970 1521 2029 Versus
1554 1967 1682 2047 (20.
1711 1964 1844 2043 21.)
1889 1969 2117 2025 additos
2159 1965 2336 2024 fuisse
2360 1987 2413 2024 ,ι
2453 1967 2551 2041 pio

349 2053 550 2129 aliquo
583 2053 711 2110 viro
741 2053 805 2112 in
829 2052 1007 2109 exilio
1038 2051 1427 2130 Babylonico,
1466 2054 1589 2130 qui,
1624 2055 1746 2128 jam
1775 2054 2071 2111 destructa
2101 2053 2356 2124 civitate,
2394 2051 2554 2109 desi·

348 2137 514 2195 derio
544 2137 665 2208 ejus
691 2136 1101 2194 instaurandae
1130 2148 1453 2210 teneretur,
1510 2136 1683 2216 idque
1713 2157 1748 2196 a
1775 2135 1901 2195 Deo
1932 2136 2023 2194 bis
2054 2132 2329 2195 extremis
2357 2135 2553 2194 verbis

349 2220 525 2293 hujus
565 2219 784 2276 Psalmi
821 2220 1127 2295 petendum
1172 2231 1422 2299 putaret.
1503 2224 1691 2300 Atque
1733 2234 1936 2280 nostra
1975 2231 2164 2298 aetate
2209 2222 2273 2278 in
2312 2220 2554 2279 eandem

350 2304 735 2379 suspicionem
763 2289 972 2360 incidit
1002 2303 1288 2381 VRNnuA,
1317 2305 1411 2363 his
1436 2307 1611 2364 nixus
1639 2308 1988 2365 rationibus.
2068 2305 2263 2363 Primo
2299 2304 2554 2380 quidem,

350 2390 492 2466 quia
519 2385 713 2445 David
741 2388 803 2444 in
835 2384 946 2444 hoc
982 2386 1211 2447 Psalmo
1251 2409 1357 2466 pro
1392 2410 1453 2449 se
1485 2403 1545 2449 et
1583 2393 1751 2452 domo
1783 2411 1890 2450 sua
1924 2399 2149 2449 tantum
2179 2408 2389 2464 orans,
2444 2391 2555 2449 vix

350 2470 648 2532 commode
690 2490 797 2547 pro
832 2470 1013 2530 Sione
1047 2474 1475 2550 intercesserit,
1528 2481 1693 2553 cujus
1732 2487 1921 2534 status
1958 2477 2102 2532 satis
2144 2474 2287 2533 felix
2324 2484 2453 2532 erat
2493 2482 2553 2531 et

349 2556 575 2616 firmus.
660 2553 923 2629 Deinde,
984 2560 1121 2634 quia
1164 2561 1339 2618 verba
1385 2563 1511 2638 ipsa
1555 2563 1713 2621 clare
1759 2562 2076 2637 loquuntur
2128 2558 2198 2616 de
2243 2557 2446 2631 Sionis
2490 2566 2553 2617 et

348 2639 919 2718 Hierosolymitanae
971 2643 1135 2699 urbis
1186 2644 1622 2720 destructione,
1689 2664 1804 2723 qua
1852 2644 2145 2703 Davidicis
2194 2644 2554 2716 temporibus

350 2721 590 2784 minime
617 2727 910 2785 convenit.
979 2723 1154 2800 Tum,
1193 2731 1329 2806 quia
1356 2731 1532 2788 verba
1561 2729 1716 2788 haud
1745 2730 1984 2788 obscure
2014 2730 2288 2800 innuunt,
2328 2746 2555 2786 cessare

348 2828 590 2893 prorsus
627 2806 843 2868 cultum
883 2811 1330 2881 sacriflciorum3
1390 2827 1633 2873 voretur
1667 2818 1817 2872 enim
1851 2813 2031 2870 Versu
2058 2813 2156 2869 21.
2190 2815 2348 2870 illius
2380 2832 2557 2871 exer-

349 2895 553 2953 citium
598 2896 662 2952 in
702 2893 1003 2968 futurum,
1060 2898 1288 2973 quando
1330 2898 1505 2957 Deus'
1532 2904 1963 2973 instauraturus
2007 2915 2130 2953 esse
2169 2897 2442 2967 Sionem,
2492 2907 2554 2953 et

350 2997 480 3036 cum
513 2997 581 3038 ea
609 2981 1040 3039 instauratione
1068 2985 1450 3042 connectitur.
1534 2983 1683 3043 Deni
1728 3003 1831 3053 ue,
1880 2980 2073 3038 David
2102 2979 2273 3037 modo
2303 2982 2558 3051 dixerat,

348 3054 537 3114 Deum
571 3064 728 3113 none
755 3063 1040 3123 sacrificia
1074 3066 1133 3123 in
1171 3065 1279 3124 hoc
1310 3078 1466 3126 statu
1500 3078 1607 3126 ‘auo
1648 3004 1724 3124 a}
1754 3061 2284 3123 reconciliationem
2319 3082 2446 3120 cum
2480 3082 2555 3121 eo

350 3137 720 3198 efficiendam.
786 3139 1089 3207 Quomodo
1123 3150 1306 3218 igliur
1337 3163 1494 3201 nunc
1526 3142 1675 3202 idem
1703 3147 1803 3201 ille
1835 3154 1994 3201 rates
2027 3146 2217 3203 dicere
2246 3149 2556 3216 potuisset,

335 3221 478 3282 -Deo
522 3233 696 3304 grata
737 3222 863 3281 fore
904 3223 1188 3282 sacrificia
1230 3238 1359 3300 post
1399 3228 1636 3287 Sionem
1675 3222 2048 3285 restitutum?
2121 3244 2316 3284 noune
2356 3231 2556 3302 potius

351 3308 629 3366 dixisset:
686 3292 925 3366 benefac
963 3306 1139 3382 mihi,
1197 3319 1337 3368 tunc
1381 3303 1551 3389 grata
1596 3322 1767 3371 crunt
1807 3310 2094 3369 sacrificia
2139 3309 2305 3368 mea?
2389 3312 2556 3379 Quae

351 3409 530 3467 quum
569 3392 655 3449 ita
690 3392 845 3464 sint,
897 3389 1049 3450 haud
1082 3393 1447 3470 dubitamus,
1504 3397 1785 3455 Venemae
1818 3397 2061 3471 aliisque
2093 3394 2394 3465 accedere,
2449 3399 2556 3472 qui

352 3475 499 3533 duos
545 3475 715 3534 hosce
752 3475 967 3534 Versus
1006 3476 1234 3535 additos
1272 3490 1541 3539 statuunt
1584 3483 1654 3539 ab
1698 3500 1800 3553 eo,
1859 3480 1960 3556 qui
2004 3489 2165 3537 vetus
2204 3476 2560 3541 Davidicum

353 3576 584 3618 carmen
626 3561 839 3638 populo
880 3564 946 3619 in
983 3562 1164 3620 exilio
1203 3569 1460 3624 versanti
1502 3561 1997 3625 accommodaviu

523 3726 625 3787 21.
686 3722 868 3818 5³23)
898 3759 986 3776 —
1016 3739 1091 3796 t&
1137 3726 1306 3792 Tunc
1338 3731 1728 3794 delectaberis
1765 3731 2099 3808 sacrificiis
2128 3728 2354 3806 justis,
2395 3717 2565 3793 holb-

351 3821 564 3869 causto
596 3821 656 3872 et
688 3797 948 3893 int-³320.
1021 3802 1136 3885 Q'ui
1165 3816 1410 3878 Davidis
1436 3839 1564 3879 esse
1589 3832 1822 3880 censent
1855 3817 2008 3877 hunc
2033 3817 2129 3878 Vs.
2163 3837 2291 3875 cum
2322 3817 2568 3894 vs.2o.‚

354 3914 484 3953 eum
526 3914 656 3958 cum
694 3903 1090 3973 superioribus
1119 3905 1483 3985 conjungunt
1517 3905 1624 3964 hoc
1652 3922 1857 3965 sensu:
1912 3902 2006 3961 Tu
2040 3922 2194 3961 nunc
2220 3904 2562 3978 repudiares

352 3980 639 4040 sacrificia
664 3984 736 4039 ab
765 3982 997 4043 h‘omine
1028 3988 1300 4063 adulterii
1331 3998 1393 4048 et
1424 3990 1722 4048 homicidii
1751 4005 1884 4062 τους
1925 3989 2025 4046 ubi
2055 4000 2244 4048 autem
2275 4006 2351 4045 ex
2378 3990 2564 4049 solito

353 4082 494 4142 erga
520 4066 690 4124 istam
723 4068 921 4126 urbem
953 4068 1152 4129 favore
1184 4083 1242 4131 te
1270 4073 1414 4132 mihi
1442 4093 1682 4152 prorsus
1718 4073 2019 4150 placatum
2038 4092 2163 4131 esse
2190 4073 2565 4148 intellexero,

352 4150 648 4211 enimvero
678 4161 820 4209 tunc
847 4154 1136 4213 sacrificia
1165 4159 1271 4216 tibi
1302 4157 1535 4219 offeram
1553 4199 1573 4232 ‚
1628 4176 1732 4231 ac,
1776 4174 1978 4231 spero,
2020 4177 2089 4215 ea
2119 4155 2356 4216 babebis
2386 4170 2566 4237 grata

347 4241 691 4310 et-accepta.
748 4247 884 4327 1232,
895 4248 1098 4333 ”12:²1
1129 4237 1455 4316 sacrificia
1483 4242 1785 4317 justitiae
1818 4252 1958 4301 sunt
1984 4241 2268 4302 sacrificia
2295 4243 2564 4320 legitima

354 4334 488 4378 cum
513 4335 655 4379 vcra
683 4323 864 4384 animi
896 4323 1112 4403 pietate
1151 4327 1383 4406 oblata,
1441 4331 1708 4410 opposita
1737 4327 2039 4391 sacrificiis
2070 4329 2198 4389 sine
2232 4328 2331 4407 pie
2366 4336 2564 4388 mente
