2747 4800
772 298 893 365 Pa
949 292 1112 385 114,
1170 314 1234 381 7.
1279 290 1368 399 8⁰..
1449 296 1577 366 Pe.
1620 291 1781 363 115.
1891 242 1913 295 μ’
2242 294 2393 373 593

169 475 396 539 Suffixo
440 479 658 556 primae
698 497 978 557 personae
1017 478 1225 554 babet,
1279 481 1448 560 quusi
1492 478 1713 540 (liceret
1748 479 1877 557 ipsa
1918 485 2109 541 terret
2163 502 2199 541 a
2245 487 2387 547 eon-L

166 574 366 641 spectu
392 562 637 623 Domini
666 572 919 623 tremere
950 583 1135 624 meum
1175 566 1394 624 sactum
1423 576 1545 638 est3
1599 575 1774 641 atque
1804 561 1946 622 baec
1973 566 2054 623 sit
2083 577 2384 645 responsio

165 648 242 706 ad
275 650 790 729 interrogationem
821 651 921 709 Vs.
951 650 1012 707 5.
1044 652 1130 707 6«
1187 650 1306 720 Sed
1338 649 1687 730 cogitandus
1717 658 1809 707 est
1838 658 2009 724 poeta
2035 656 2383 729 respondere

164 733 242 792 ad
291 734 810 812 interrogationem
858 745 1047 793 terrae
1089 730 1335 808 suctim,
1395 745 1455 815 eg
1494 735 1730 793 concisa
1770 743 1861 791 est
1899 738 2237 811 responsio,
2294 743 2385 800 sic

165 813 496 876 dilatanda:
532 820 792 894 oportuit
818 818 1114 895 profecto,
1132 838 1169 877 o
1197 828 1375 893 terra,
1404 829 1460 878 te
1488 820 1578 877 sic
1605 819 2064 877 contremiscere.
2108 819 2177 879 Si
2205 825 2383 882 verba

161 902 228 960 iu
263 902 657 978 superioribus
683 904 989 979 versiculis
1019 905 1231 980 accipis
1261 905 1326 962 in
1361 905 1686 978 praesenti,
1730 904 1907 976 plana
1936 912 2026 960 est
2054 910 2379 968 sententia:

159 996 227 1047 et
259 1004 400 1047 vero
429 985 624 1061 habes,
667 1006 770 1045 cur
804 989 879 1049 ad
906 987 1151 1047 Domini
1178 999 1551 1065 conspectum
1577 988 2007 1045 contremiscas.

334 1103 395 1163 8.
486 1098 705 1170 Quidni
738 1087 1183 1178 contremiscas,
1233 1125 1269 1164 ο
1300 1114 1479 1182 terra,
1516 1105 1592 1165 ad
1623 1110 1994 1180 conspectum
2020 1106 2163 1180 ejus,
2211 1096 2375 1184 cujus

159 1196 332 1247 tanta
369 1199 458 1245 est
496 1188 588 1245 vis
628 1198 689 1244 et
717 1190 1016 1264 potentia,
1071 1198 1138 1247 ut
1180 1208 1375 1249 rerum
1419 1200 1661 1256 naturas
1703 1189 1868 1246 nullo
1907 1191 2147 1267 negotio
2188 1198 2377 1270 possit

143 1274 422 1345 mutare,
483 1270 735 1348 adeoque
776 1281 971 1349 petras
1015 1283 1074 1331 et
1114 1292 1287 1349 rupes
1332 1274 1674 1333 durissimas
1718 1273 1784 1330 in
1830 1282 2043 1352 stagna
2083 1286 2141 1334 et
2180 1277 2387 1338 fontes¹

155 1351 540 1414 convertere?
623 1353 884 1433 Respicit
926 1358 998 1418 ad
1041 1356 1317 1417 historias
1354 1358 1468 1418 Ex.
1493 1361 1592 1432 17,
1622 1360 1680 1415 6.
1724 1355 1896 1416 Num.
1925 1360 2029 1430 20,
2057 1361 2263 1435 8.11.,
2306 1376 2377 1425 ut

154 1438 255 1499 Ps.
279 1443 380 1515 78,
415 1439 511 1513 16,
541 1444 646 1501 20.
735 1439 1001 1503 Ceterum
1045 1443 1342 1519 emphasin
1383 1442 1554 1502 habet
1585 1441 1731 1500 hoc:
1781 1442 1889 1518 qm·
1929 1447 2233 1504 convertit
2257 1466 2374 1527 pe-

156 1533 322 1583 tram
363 1525 427 1583 in
463 1535 746 1605 stagnum
791 1545 1115 1604 aquarum,
1173 1529 1339 1604 quasi
1368 1525 1695 1585 diceretur:
1750 1527 1854 1602 qui
1882 1524 2056 1598 fecit,
2097 1540 2181 1631 uq
2198 1550 2370 1608 rupes

111 1606 118 1618 '
155 1613 322 1683 ipsae
362 1619 519 1668 totae
554 1613 745 1671 veluti
780 1612 843 1668 in
870 1626 1048 1688 aquas
1076 1612 1418 1690 liquefactae
1451 1610 1803 1682 defluerent,
1852 1629 1973 1668 non
2002 1630 2166 1670 secus
2200 1625 2373 1694 atque

154 1706 462 1774 stagnum,
528 1705 830 1773 essentque
880 1698 1068 1753 instar
1119 1699 1391 1772 perennis
1436 1694 1735 1770 cujusdam
1783 1694 1986 1755 sontis.
2070 1696 2211 1767 Plus
2261 1713 2369 1776 est,

152 1796 327 1855 quam
365 1780 419 1837 si
453 1778 796 1848 dioereturzffl
826 1783 926 1859 qui
963 1800 995 1839 e
1032 1786 1200 1858 petra
1236 1799 1446 1860 aquam
1483 1780 1704 1846 elicuit.

1110 1962 1225 2031 ΡΒ.
1276 1967 1416 2030 115.

321 2075 524 2144 Preces
559 2089 851 2161 continet,
904 2106 976 2146 ne
1004 2086 1152 2147 lova
1186 2088 1414 2148 deserat
1447 2084 1760 2167 populum,
1817 2084 1920 2169 qui
1961 2091 2145 2170 ipsum
2188 2092 2367 2172 eolat,

153 2169 258 2229 sed
290 2189 451 2246 opem
488 2173 544 2229 ei
574 2171 761 2245 ferat,
818 2180 877 2231 et
905 2175 1325 2251 protectionem
1361 2183 1647 2252 praestet,
1701 2182 1873 2252 atque
1915 2178 2001 2233 sic
2042 2177 2180 2236 aliis
2219 2199 2367 2259 gen-

149 2256 334 2328 tibus,
376 2256 478 2332 qui
511 2255 686 2314 falsos
717 2257 852 2315 deos·
885 2258 1108 2332 colunt,
1154 2260 1517 2318 occasionem
1550 2259 1869 2334 praecidat,
1908 2259 2099 2319 Deum
2129 2262 2366 2323 Israeli·-

151 2352 348 2398 tarum
374 2340 638 2418 ridendi,
681 2343 834 2400 sicut
864 2361 993 2400 cum
1027 2344 1286 2421 ipsorum
1318 2343 1432 2403 diis
1464 2353 1633 2421 poeta
1658 2343 1835 2419 facit,
1878 2360 2026 2423 quos
2054 2351 2362 2425 exquisitis
2402 2413 2403 2422 χ

151 2426 637 2486 insectationibus
664 2425 819 2485 ridet
846 2437 906 2484 et
929 2430 1192 2508 exagitat
1207 2443 1227 2497 3
1266 2426 1405 2495 binc
1431 2429 1661 2488 inducit
1686 2427 2093 2504 Israelitas‚-se
2115 2434 2367 2494 invicem
2389 2457 2402 2473 ⁸

149 2511 506 2585 excitantes,
559 2520 629 2570 ut
665 2529 703 2570 a
730 2509 878 2573 Jove
907 2514 1041 2575 solo·
1072 2523 1233 2573 certo
1265 2531 1376 2573 suo
1410 2508 1584 2594 atque
1613 2523 1899 2593 perpetuo
1928 2529 2364 2597 propugnatore

152 2612 321 2672 opem
354 2595 707 2673 exspectent.
2058 2647 2061 2648 ν
2294 2643 2297 2646 -

321 2678 585 2739 Psalmus
617 2678 945 2742 difficilibus
980 2679 1338 2760 temporibus
1382 2680 1587 2759 populi
1627 2681 1817 2741 factus
1858 2684 2110 2748 videtur.
2190 2690 2366 2756 Quot!

148 2765 308 2823 enim
340 2774 504 2822 vates
532 2762 720 2823 Deum
751 2775 884 2824 orat
913 2765 1100 2825 Versu
1129 2768 1222 2841 2.,
1273 2785 1347 2825 ne
1373 2770 1633 2844 patiatur
1662 2785 1832 2826 suum
1863 2786 2074 2829 nomeu
2106 2771 2362 2834 ludibrio

149 2847 353 2909 haberi
377 2849 529 2908 inter
556 2852 702 2908 alias
730 2860 953 2930 gentes,
996 2848 1140 2910 illud
1168 2861 1511 2931 argumento
1539 2855 1648 2925 est,
1690 2860 1829 2910 tunc
1858 2855 2135 2929 temporis
2163 2854 2361 2916 hostes

151 2932 464 2991 israelitici
506 2936 709 3012 populi
755 2936 821 2994 in
865 2937 1044 2996 armis
1084 2934 1299 3009 fuisse,
1364 2953 1439 2993 ac
1476 2933 1844 2995 vehementer
1889 2937 1983 2996 illi
2021 2939 2361 3013 insultasse,

148 3019 491 3096 praesertim
533 3022 670 3097 quia
708 3021 774 3078 in
806 3017 954 3080 Jova
986 3030 1437 3098 spemponeret.
1519 3018 1722 3097 Neque
1762 3031 1955 3081 tamen
1994 3019 2106 3099 hoc
2146 3025 2362 3083 suffieit

150 3100 230 3172 ad
263 3103 539 3162 carminis
569 3102 712 3163 faeti
752 3115 975 3184 tempus
1008 3107 1338 3165 accuratius
1377 3104 1781 3165 definiendum.
1864 3106 1982 3176 Qui
2012 3103 2363 3168 Davidicum

148 3187 525 3262 existimant,
561 3190 656 3247 vel
684 3186 1095 3250 Jebusaeorum
1123 3190 1497 3249 insultationi
1524 3207 1594 3247 ac
1621 3190 1969 3269 gloriationi
2001 3189 2071 3251 de
2100 3194 2359 3274 ipsorum

149 3272 269 3332 diis
310 3268 381 3349 (2
396 3270 553 3338 Sam.
582 3271 646 3346 5,
677 3270 768 3353 6.)
807 3278 1135 3352 oppositum
1174 3275 1569 3347 arbitrantur,
1627 3275 1725 3332 vel
1756 3294 1955 3352 preces
1999 3278 2364 3351 existimant,
2449 3339 2455 3348 ,

148 3374 295 3433 quas
338 3353 593 3417 Davides
630 3362 999 3435 usurpaverit
1040 3361 1106 3417 in
1141 3361 1323 3417 exilio
1357 3359 1744 3433 Absalonico,
1795 3377 1971 3436 quum
2005 3361 2068 3418 in
2098 3361 2365 3421 Galilaea

149 3438 370 3500 Peraea
399 3445 695 3516 exularet,
757 3455 816 3502 et
855 3445 918 3503 in
961 3446 1146 3504 limite
1182 3446 1352 3524 regni
1393 3445 1523 3518 sui,
1577 3444 1681 3502 ubi
1715 3455 1847 3504 erat
1882 3443 2198 3503 confinium
2230 3466 2362 3506 cum
2428 3513 2435 3518 ,

146 3524 442 3603 idolorum
477 3527 835 3604 cultoribus3
886 3539 956 3586 ut
985 3529 1312 3611 συγχρονὸς
1351 3531 1431 3587 sit
1466 3529 1563 3588 hic
1592 3527 1856 3587 Psalmus
1889 3530 1987 3587 42.
2073 3531 2188 3597 Qui
2222 3550 2361 3590 vero

145 3606 498 3669 Davidieum
529 3631 653 3671 esse
688 3632 807 3671 non
838 3612 1079 3689 pu‘tant,
1131 3634 1331 3674 eorum
1375 3615 1476 3671 alii
1518 3613 1591 3670 ad
1632 3605 1876 3672 Hiskiae
1912 3617 2170 3690 tempora
2210 3615 2361 3674 refe-⁴

146 3702 328 3766 runt,
383 3706 441 3752 et
471 3695 1019 3772 contraRabsacis,
1059 3697 1666 3780 Assyriorum‘duciffi
1711 3699 1916 3774 im'pias
1952 3700 2361 3758 insultationes

147 3775 435 3836 directum
477 3783 688 3840 volunt
728 3784 976 3839 maxime
1018 3780 1091 3843 ob
1125 3782 1368 3844 Versum
1399 3784 1497 3855 2.,
1558 3776 1694 3841 coll.
1729 3801 1860 3840 cum
1900 3771 2102 3862 2Reg.
2128 3784 2227 3856 18,
2261 3773 2360 3840 32'.

148 3863 254 3921 33.
285 3866 421 3938 34.3
483 3868 589 3924 alii
618 3865 999 3926 Mardocbaeo
1032 3878 1091 3926 et
1121 3861 1404 3927 Estherae
1435 3868 1737 3940 tribuunt,
1780 3875 1954 3944 quum
1987 3866 2362 3948 Hamantol-

145 3944 271 4005 lere
322 3947 670 4019 Iudaeorum
725 3961 953 4031 gentem
1010 3944 1333 4010 moliretur.
1418 3950 1537 4011 Sed
1579 3951 1812 4010 videtur
1862 3951 2179 4010 serioribus
2232 3964 2364 4029 post

147 4033 398 4092 reditum
434 4053 507 4092 ex
535 4035 857 4113 Babylonia
886 4035 1241 4112 temporibus
1270 4036 1459 4094 faetus
1491 4054 1632 4094 esse.
1674 4035 1824 4096 Nam
1862 4033 2104 4094 deorum
2133 4040 2362 4096 vanitas

147 4118 348 4176 eodem
380 4118 501 4178 fere
527 4122 720 4195 modo,
754 4139 868 4198 quo
905 4122 966 4177 in
994 4121 1315 4197 posteriore
1342 4121 1483 4178 libri
1514 4120 1768 4196 Jesajani
1803 4131 1966 4198 parte
1996 4111 2362 4180 describitur.

315 4202 387 4261 ln
419 4203 664 4280 Syriaca
695 4216 866 4282 atque
897 4204 1119 4263 Graeca
1135 4206 1532 4264 Alexandrina
1561 4207 2058 4280 interpretatione,
2089 4206 2162 4263 ad
2192 4217 2365 4282 quam
2390 4271 2397 4288 ,

143 4283 408 4365 ‘Vulgata
436 4287 667 4363 Latina,
704 4289 951 4351 Arabica
983 4300 1042 4346 et
1068 4288 1409 4366 Aethiopica
1438 4308 1743 4365 expressae
1775 4299 1934 4362 sunt,
1976 4288 2074 4348 hic
2101 4289 2363 4347 Psalmus

142 4385 278 4516 ουῗ
306 4375 682 4513 ρῖειεῖοεᾱοῐιεε
713 4376 1052 4452 conjunctus
1084 4383 1204 4451 ειη
1262 4385 1322 4434 et
1352 4373 1587 4442 Kimchi
1618 4384 1849 4520 nssouet,
1890 4373 2044 4432 hune
2070 4373 2366 4433 Psalmum

274 4475 346 4515 sa
366 4474 462 4517 mi.
1714 4475 1750 4517 Ρ
2186 4490 2191 4496 ·
