<?xml version="1.0" encoding="UTF-8"?>
<!DOCTYPE html PUBLIC "-//W3C//DTD XHTML 1.0 Transitional//EN"
    "http://www.w3.org/TR/xhtml1/DTD/xhtml1-transitional.dtd">
<html xmlns="http://www.w3.org/1999/xhtml" xml:lang="en" lang="en">
 <head>
  <title>
</title>
<meta http-equiv="Content-Type" content="text/html;charset=utf-8" />
  <meta name='ocr-system' content='tesseract 3.04.00' />
  <meta name='ocr-capabilities' content='ocr_page ocr_carea ocr_par ocr_line ocrx_word'/>
</head>
<body>
  <div class='ocr_page' id='page_1' title='image "./ernfridcarrosen02rosegoog_0012.png"; bbox 0 0 2747 4800; ppageno 0'>
   <div class='ocr_carea' id='block_1_1' title="bbox 363 297 1798 395">
    <p class='ocr_par' dir='ltr' id='par_1_1' title="bbox 363 297 1798 395">
     <span class='ocr_line' id='line_1_1' title="bbox 363 297 1798 395; baseline -0.001 -24"><span class='ocrx_word' id='word_1_1' title='bbox 363 297 445 395; x_wconf 35' lang='grc'>4,</span> <span class='ocrx_word' id='word_1_2' title='bbox 1167 303 1798 393; x_wconf 80' lang='lat' dir='ltr'>Prolegomena.</span> 
     </span>
    </p>
   </div>
   <div class='ocr_carea' id='block_1_2' title="bbox 268 487 2590 4313">
    <p class='ocr_par' dir='ltr' id='par_1_2' title="bbox 348 487 2585 668">
     <span class='ocr_line' id='line_1_2' title="bbox 348 487 2585 570; baseline 0 -21"><span class='ocrx_word' id='word_1_3' title='bbox 348 490 527 555; x_wconf 47' lang='lat' dir='ltr'>vedita</span> <span class='ocrx_word' id='word_1_4' title='bbox 566 506 719 562; x_wconf 83' lang='lat' dir='ltr'>esse,</span> <span class='ocrx_word' id='word_1_5' title='bbox 793 487 1082 565; x_wconf 72' lang='lat' dir='ltr'><strong>probabili</strong></span> <span class='ocrx_word' id='word_1_6' title='bbox 1136 490 1471 565; x_wconf 74' lang='lat' dir='ltr'>coniectura</span> <span class='ocrx_word' id='word_1_7' title='bbox 1515 490 1721 570; x_wconf 72' lang='lat' dir='ltr'>colligi</span> <span class='ocrx_word' id='word_1_8' title='bbox 1763 497 1990 567; x_wconf 76' lang='lat' dir='ltr'>potest,</span> <span class='ocrx_word' id='word_1_9' title='bbox 2061 507 2218 551; x_wconf 86' lang='lat' dir='ltr'>nuno</span> <span class='ocrx_word' id='word_1_10' title='bbox 2264 489 2585 567; x_wconf 79' lang='lat' dir='ltr'>perlustra-</span> 
     </span>
     <span class='ocr_line' id='line_1_3' title="bbox 375 610 582 668; baseline -0.01 0"><span class='ocrx_word' id='word_1_11' title='bbox 375 610 582 668; x_wconf 81' lang='lat' dir='ltr'>bimus.</span> 
     </span>
    </p>

    <p class='ocr_par' dir='ltr' id='par_1_3' title="bbox 277 720 2587 1856">
     <span class='ocr_line' id='line_1_4' title="bbox 545 720 2587 803; baseline 0 -20"><span class='ocrx_word' id='word_1_12' title='bbox 545 720 814 802; x_wconf 65' lang='lat' dir='ltr'>ustrou·</span> <span class='ocrx_word' id='word_1_13' title='bbox 859 724 951 785; x_wconf 86' lang='lat' dir='ltr'>Ps.</span> <span class='ocrx_word' id='word_1_14' title='bbox 981 726 1085 786; x_wconf 85' lang='lat'>90.</span> <span class='ocrx_word' id='word_1_15' title='bbox 1130 726 1340 785; x_wconf 77' lang='lat' dir='ltr'>tribuit</span> <span class='ocrx_word' id='word_1_16' title='bbox 1386 725 1676 786; x_wconf 76' lang='lat' dir='ltr'>Hebraico.</span> <span class='ocrx_word' id='word_1_17' title='bbox 1716 725 2062 803; x_wconf 74' lang='lat' dir='ltr'><strong>inscriptio,</strong></span> <span class='ocrx_word' id='word_1_18' title='bbox 2118 731 2181 783; x_wconf 89' lang='lat' dir='ltr'>et</span> <span class='ocrx_word' id='word_1_19' title='bbox 2220 723 2295 783; x_wconf 83' lang='lat' dir='ltr'>sd</span> <span class='ocrx_word' id='word_1_20' title='bbox 2341 725 2587 784; x_wconf 83' lang='lat' dir='ltr'>eundem</span> 
     </span>
     <span class='ocr_line' id='line_1_5' title="bbox 377 838 2587 922; baseline -0 -20"><span class='ocrx_word' id='word_1_21' title='bbox 377 846 593 922; x_wconf 76' lang='lat' dir='ltr'>ipsum-</span> <span class='ocrx_word' id='word_1_22' title='bbox 618 851 908 902; x_wconf 75' lang='lat' dir='ltr'>auctorem</span> <span class='ocrx_word' id='word_1_23' title='bbox 958 842 1289 903; x_wconf 82' lang='lat' dir='ltr'>Talmudiei</span> <span class='ocrx_word' id='word_1_24' title='bbox 1343 838 1716 921; x_wconf 70' lang='lat' dir='ltr'>(quibuscum</span> <span class='ocrx_word' id='word_1_25' title='bbox 1767 844 2138 904; x_wconf 76' lang='lat' dir='ltr'>consentiunt</span> <span class='ocrx_word' id='word_1_26' title='bbox 2185 840 2472 921; x_wconf 78' lang='lat' dir='ltr'>Origenes</span> <span class='ocrx_word' id='word_1_27' title='bbox 2525 852 2587 901; x_wconf 80' lang='lat' dir='ltr'>et</span> 
     </span>
     <span class='ocr_line' id='line_1_6' title="bbox 358 954 2587 1045; baseline -0.002 -24"><span class='ocrx_word' id='word_1_28' title='bbox 358 954 799 1045; x_wconf 70' lang='lat' dir='ltr'>flieronymus)</span> <span class='ocrx_word' id='word_1_29' title='bbox 844 957 1106 1017; x_wconf 80' lang='lat' dir='ltr'>referunt</span> <span class='ocrx_word' id='word_1_30' title='bbox 1133 959 1361 1034; x_wconf 72' lang='lat' dir='ltr'>decem,</span> <span class='ocrx_word' id='word_1_31' title='bbox 1399 979 1545 1038; x_wconf 82' lang='lat' dir='ltr'>quae</span> <span class='ocrx_word' id='word_1_32' title='bbox 1586 968 1905 1037; x_wconf 78' lang='lat' dir='ltr'>sequuntur</span> <span class='ocrx_word' id='word_1_33' title='bbox 1945 960 2239 1033; x_wconf 76' lang='lat' dir='ltr'>earmina,</span> <span class='ocrx_word' id='word_1_34' title='bbox 2277 967 2587 1037; x_wconf 77' lang='lat' dir='ltr'>propterea</span> 
     </span>
     <span class='ocr_line' id='line_1_7' title="bbox 372 1060 2587 1156; baseline -0.001 -19"><span class='ocrx_word' id='word_1_35' title='bbox 372 1074 528 1156; x_wconf 82' lang='lat' dir='ltr'>quod</span> <span class='ocrx_word' id='word_1_36' title='bbox 562 1079 683 1134; x_wconf 83' lang='lat' dir='ltr'>illis</span> <span class='ocrx_word' id='word_1_37' title='bbox 720 1060 873 1134; x_wconf 71' lang='lat' dir='ltr'>alius</span> <span class='ocrx_word' id='word_1_38' title='bbox 912 1077 1165 1133; x_wconf 71' lang='lat' dir='ltr'>auctoris</span> <span class='ocrx_word' id='word_1_39' title='bbox 1199 1095 1412 1136; x_wconf 83' lang='lat' dir='ltr'>nomen</span> <span class='ocrx_word' id='word_1_40' title='bbox 1448 1095 1568 1135; x_wconf 91' lang='lat' dir='ltr'>non</span> <span class='ocrx_word' id='word_1_41' title='bbox 1600 1085 1688 1133; x_wconf 89' lang='lat' dir='ltr'>est</span> <span class='ocrx_word' id='word_1_42' title='bbox 1720 1076 2172 1152; x_wconf 81' lang='lat' dir='ltr'>praescriptum,</span> <span class='ocrx_word' id='word_1_43' title='bbox 2230 1076 2383 1154; x_wconf 83' lang='lat' dir='ltr'>quod</span> <span class='ocrx_word' id='word_1_44' title='bbox 2414 1093 2587 1154; x_wconf 80' lang='lat' dir='ltr'>quam</span> 
     </span>
     <span class='ocr_line' id='line_1_8' title="bbox 356 1192 2586 1270; baseline -0.001 -16"><span class='ocrx_word' id='word_1_45' title='bbox 356 1194 527 1254; x_wconf 72' lang='lat' dir='ltr'>nihil</span> <span class='ocrx_word' id='word_1_46' title='bbox 553 1195 784 1264; x_wconf 77' lang='lat' dir='ltr'>valeat,</span> <span class='ocrx_word' id='word_1_47' title='bbox 825 1193 888 1250; x_wconf 92' lang='lat' dir='ltr'>in</span> <span class='ocrx_word' id='word_1_48' title='bbox 916 1199 1180 1270; x_wconf 77' lang='lat' dir='ltr'>promptu</span> <span class='ocrx_word' id='word_1_49' title='bbox 1219 1205 1309 1253; x_wconf 84' lang='lat' dir='ltr'>est</span> <span class='ocrx_word' id='word_1_50' title='bbox 1340 1195 1673 1254; x_wconf 77' lang='lat' dir='ltr'>examinare</span> <span class='ocrx_word' id='word_1_51' title='bbox 1714 1194 1919 1269; x_wconf 81' lang='lat' dir='ltr'>cuique</span> <span class='ocrx_word' id='word_1_52' title='bbox 1958 1209 2027 1248; x_wconf 86' lang='lat' dir='ltr'>ae</span> <span class='ocrx_word' id='word_1_53' title='bbox 2060 1208 2153 1248; x_wconf 84' lang='lat' dir='ltr'>res</span> <span class='ocrx_word' id='word_1_54' title='bbox 2190 1193 2312 1269; x_wconf 74' lang='lat' dir='ltr'>ipss</span> <span class='ocrx_word' id='word_1_55' title='bbox 2343 1192 2586 1251; x_wconf 83' lang='lat' dir='ltr'>demon-</span> 
     </span>
     <span class='ocr_line' id='line_1_9' title="bbox 375 1307 2585 1387; baseline -0.001 -16"><span class='ocrx_word' id='word_1_56' title='bbox 375 1320 541 1371; x_wconf 82' lang='lat' dir='ltr'>strat.</span> <span class='ocrx_word' id='word_1_57' title='bbox 625 1307 725 1367; x_wconf 68' lang='lat' dir='ltr'>Pe.</span> <span class='ocrx_word' id='word_1_58' title='bbox 761 1310 860 1366; x_wconf 83' lang='lat'>90.</span> <span class='ocrx_word' id='word_1_59' title='bbox 891 1328 1030 1368; x_wconf 85' lang='lat' dir='ltr'>vero</span> <span class='ocrx_word' id='word_1_60' title='bbox 1066 1312 1220 1387; x_wconf 82' lang='lat' dir='ltr'>quod</span> <span class='ocrx_word' id='word_1_61' title='bbox 1251 1315 1500 1384; x_wconf 75' lang='lat' dir='ltr'>attinet,</span> <span class='ocrx_word' id='word_1_62' title='bbox 1554 1319 1621 1368; x_wconf 89' lang='lat' dir='ltr'>ut</span> <span class='ocrx_word' id='word_1_63' title='bbox 1664 1307 1814 1367; x_wconf 89' lang='lat' dir='ltr'>nihil</span> <span class='ocrx_word' id='word_1_64' title='bbox 1852 1307 2055 1382; x_wconf 81' lang='lat' dir='ltr'>habet,</span> <span class='ocrx_word' id='word_1_65' title='bbox 2111 1309 2263 1386; x_wconf 78' lang='lat' dir='ltr'>quod</span> <span class='ocrx_word' id='word_1_66' title='bbox 2303 1308 2464 1369; x_wconf 82' lang='lat' dir='ltr'>Mose</span> <span class='ocrx_word' id='word_1_67' title='bbox 2502 1312 2585 1368; x_wconf 88' lang='lat' dir='ltr'>sit</span> 
     </span>
     <span class='ocr_line' id='line_1_10' title="bbox 277 1423 2586 1509; baseline 0.001 -23"><span class='ocrx_word' id='word_1_68' title='bbox 277 1484 283 1495; x_wconf 79' lang='grc'>,</span> <span class='ocrx_word' id='word_1_69' title='bbox 373 1429 718 1509; x_wconf 78' lang='lat' dir='ltr'>indignum,</span> <span class='ocrx_word' id='word_1_70' title='bbox 758 1431 862 1485; x_wconf 79' lang='lat' dir='ltr'>au‘t</span> <span class='ocrx_word' id='word_1_71' title='bbox 900 1426 990 1483; x_wconf 87' lang='lat' dir='ltr'>illi</span> <span class='ocrx_word' id='word_1_72' title='bbox 1026 1445 1148 1484; x_wconf 90' lang='lat' dir='ltr'>non</span> <span class='ocrx_word' id='word_1_73' title='bbox 1195 1436 1525 1509; x_wconf 71' lang='lat' dir='ltr'>congruat,</span> <span class='ocrx_word' id='word_1_74' title='bbox 1547 1472 1556 1479; x_wconf 61' lang='lat'>„</span> <span class='ocrx_word' id='word_1_75' title='bbox 1580 1430 1665 1487; x_wconf 79' lang='lat' dir='ltr'>ita</span> <span class='ocrx_word' id='word_1_76' title='bbox 1693 1443 1897 1483; x_wconf 73' lang='lat' dir='ltr'>rursus</span> <span class='ocrx_word' id='word_1_77' title='bbox 1932 1423 2081 1483; x_wconf 82' lang='lat' dir='ltr'>nihil</span> <span class='ocrx_word' id='word_1_78' title='bbox 2113 1427 2168 1483; x_wconf 91' lang='lat' dir='ltr'>ei</span> <span class='ocrx_word' id='word_1_79' title='bbox 2201 1427 2386 1499; x_wconf 85' lang='lat' dir='ltr'>inest,</span> <span class='ocrx_word' id='word_1_80' title='bbox 2429 1428 2586 1505; x_wconf 78' lang='lat' dir='ltr'>quod</span> 
     </span>
     <span class='ocr_line' id='line_1_11' title="bbox 373 1524 2584 1621; baseline 0.002 -21"><span class='ocrx_word' id='word_1_81' title='bbox 373 1539 646 1602; x_wconf 79' lang='lat' dir='ltr'>Mosaieis</span> <span class='ocrx_word' id='word_1_82' title='bbox 689 1543 863 1602; x_wconf 83' lang='lat' dir='ltr'>rebus</span> <span class='ocrx_word' id='word_1_83' title='bbox 904 1555 964 1601; x_wconf 89' lang='lat' dir='ltr'>et</span> <span class='ocrx_word' id='word_1_84' title='bbox 1008 1546 1360 1620; x_wconf 73' lang='lat' dir='ltr'>temporibus</span> <span class='ocrx_word' id='word_1_85' title='bbox 1403 1547 1488 1603; x_wconf 85' lang='lat' dir='ltr'>ita</span> <span class='ocrx_word' id='word_1_86' title='bbox 1536 1545 1615 1602; x_wconf 78' lang='lat' dir='ltr'>sit</span> <span class='ocrx_word' id='word_1_87' title='bbox 1656 1524 1956 1621; x_wconf 64' lang='lat' dir='ltr'>proprium</span> <span class='ocrx_word' id='word_1_88' title='bbox 1970 1574 2002 1615; x_wconf 92' lang='lat'>,-</span> <span class='ocrx_word' id='word_1_89' title='bbox 2057 1552 2124 1601; x_wconf 90' lang='lat' dir='ltr'>ut</span> <span class='ocrx_word' id='word_1_90' title='bbox 2175 1561 2299 1602; x_wconf 88' lang='lat' dir='ltr'>non</span> <span class='ocrx_word' id='word_1_91' title='bbox 2349 1544 2421 1603; x_wconf 76' lang='lat' dir='ltr'>ab</span> <span class='ocrx_word' id='word_1_92' title='bbox 2465 1546 2584 1604; x_wconf 77' lang='lat' dir='ltr'>alio</span> 
     </span>
     <span class='ocr_line' id='line_1_12' title="bbox 375 1660 2586 1739; baseline 0 -20"><span class='ocrx_word' id='word_1_93' title='bbox 375 1660 582 1739; x_wconf 83' lang='lat' dir='ltr'>quovis</span> <span class='ocrx_word' id='word_1_94' title='bbox 614 1668 884 1733; x_wconf 83' lang='lat' dir='ltr'>auctore,</span> <span class='ocrx_word' id='word_1_95' title='bbox 943 1668 1048 1717; x_wconf 89' lang='lat' dir='ltr'>aut</span> <span class='ocrx_word' id='word_1_96' title='bbox 1085 1663 1290 1737; x_wconf 72' lang='lat' dir='ltr'>quovis</span> <span class='ocrx_word' id='word_1_97' title='bbox 1330 1663 1446 1719; x_wconf 79' lang='lat' dir='ltr'>alio</span> <span class='ocrx_word' id='word_1_98' title='bbox 1487 1670 1741 1738; x_wconf 84' lang='lat' dir='ltr'>tempore</span> <span class='ocrx_word' id='word_1_99' title='bbox 1775 1660 2185 1718; x_wconf 79' lang='lat' dir='ltr'>concinnatum</span> <span class='ocrx_word' id='word_1_100' title='bbox 2215 1678 2339 1719; x_wconf 75' lang='lat' dir='ltr'>esse</span> <span class='ocrx_word' id='word_1_101' title='bbox 2381 1662 2586 1739; x_wconf 80' lang='lat' dir='ltr'>possit.</span> 
     </span>
     <span class='ocr_line' id='line_1_13' title="bbox 375 1766 2526 1856; baseline -0.002 -18"><span class='ocrx_word' id='word_1_102' title='bbox 375 1777 724 1856; x_wconf 83' lang='lat' dir='ltr'>Antiquiora</span> <span class='ocrx_word' id='word_1_103' title='bbox 757 1778 942 1856; x_wconf 80' lang='lat' dir='ltr'>igitur</span> <span class='ocrx_word' id='word_1_104' title='bbox 975 1774 1087 1834; x_wconf 83' lang='lat' dir='ltr'>hoe</span> <span class='ocrx_word' id='word_1_105' title='bbox 1114 1779 1385 1836; x_wconf 82' lang='lat' dir='ltr'>volumen</span> <span class='ocrx_word' id='word_1_106' title='bbox 1422 1777 1683 1834; x_wconf 84' lang='lat' dir='ltr'>earmina</span> <span class='ocrx_word' id='word_1_107' title='bbox 1715 1775 2036 1833; x_wconf 80' lang='lat' dir='ltr'>continebit</span> <span class='ocrx_word' id='word_1_108' title='bbox 2061 1778 2241 1835; x_wconf 83' lang='lat' dir='ltr'>nulla.</span> <span class='ocrx_word' id='word_1_109' title='bbox 2517 1766 2526 1773; x_wconf 51' lang='grc'><strong>”</strong></span> 
     </span>
    </p>

    <p class='ocr_par' dir='ltr' id='par_1_4' title="bbox 268 1891 2590 4313">
     <span class='ocr_line' id='line_1_14' title="bbox 544 1891 2587 1975; baseline -0.002 -20"><span class='ocrx_word' id='word_1_110' title='bbox 544 1895 614 1970; x_wconf 82' lang='lat'>2)</span> <span class='ocrx_word' id='word_1_111' title='bbox 670 1891 995 1952; x_wconf 73' lang='lat' dir='ltr'>Davidim&#39;s</span> <span class='ocrx_word' id='word_1_112' title='bbox 1035 1892 1424 1970; x_wconf 77' lang='lat' dir='ltr'>temporibus,</span> <span class='ocrx_word' id='word_1_113' title='bbox 1494 1892 1703 1970; x_wconf 74' lang='lat' dir='ltr'>quibus</span> <span class='ocrx_word' id='word_1_114' title='bbox 1746 1895 1921 1975; x_wconf 80' lang='lat' dir='ltr'>longe</span> <span class='ocrx_word' id='word_1_115' title='bbox 1963 1894 2234 1972; x_wconf 73' lang='lat' dir='ltr'><strong>pleraque</strong></span> <span class='ocrx_word' id='word_1_116' title='bbox 2272 1901 2444 1951; x_wconf 81' lang='lat' dir='ltr'>erunt</span> <span class='ocrx_word' id='word_1_117' title='bbox 2486 1911 2587 1950; x_wconf 80' lang='lat' dir='ltr'>as-</span> 
     </span>
     <span class='ocr_line' id='line_1_15' title="bbox 369 1988 2587 2092; baseline -0.002 -21"><span class='ocrx_word' id='word_1_118' title='bbox 369 1988 677 2092; x_wconf 78' lang='lat' dir='ltr'>signanda.</span> <span class='ocrx_word' id='word_1_119' title='bbox 773 2009 1002 2070; x_wconf 86' lang='lat' dir='ltr'>Horum</span> <span class='ocrx_word' id='word_1_120' title='bbox 1055 2028 1196 2085; x_wconf 81' lang='lat' dir='ltr'>vero</span> <span class='ocrx_word' id='word_1_121' title='bbox 1252 2011 1522 2088; x_wconf 80' lang='lat' dir='ltr'>plurimis</span> <span class='ocrx_word' id='word_1_122' title='bbox 1585 2003 1660 2088; x_wconf 81' lang='lat' dir='ltr'>a)</span> <span class='ocrx_word' id='word_1_123' title='bbox 1705 2007 1967 2069; x_wconf 74' lang='lat' dir='ltr'>Danielis</span> <span class='ocrx_word' id='word_1_124' title='bbox 2023 2012 2438 2087; x_wconf 77' lang='lat' dir='ltr'>praescriptum</span> <span class='ocrx_word' id='word_1_125' title='bbox 2494 2019 2587 2068; x_wconf 80' lang='lat' dir='ltr'>est</span> 
     </span>
     <span class='ocr_line' id='line_1_16' title="bbox 371 2122 2590 2202; baseline -0.001 -14"><span class='ocrx_word' id='word_1_126' title='bbox 371 2147 586 2188; x_wconf 85' lang='lat' dir='ltr'>nomen</span> <span class='ocrx_word' id='word_1_127' title='bbox 631 2128 696 2187; x_wconf 90' lang='lat' dir='ltr'>in</span> <span class='ocrx_word' id='word_1_128' title='bbox 740 2127 908 2187; x_wconf 80' lang='lat' dir='ltr'>libris</span> <span class='ocrx_word' id='word_1_129' title='bbox 958 2126 1151 2186; x_wconf 86' lang='lat' dir='ltr'>hebrr.</span> <span class='ocrx_word' id='word_1_130' title='bbox 1199 2125 1501 2187; x_wconf 70' lang='lat' dir='ltr'><strong>hodiernis</strong></span> <span class='ocrx_word' id='word_1_131' title='bbox 1519 2122 1570 2202; x_wconf 67' lang='lat'>,’&#39;</span> <span class='ocrx_word' id='word_1_132' title='bbox 1615 2128 1692 2187; x_wconf 83' lang='lat'>⁷1</span> <span class='ocrx_word' id='word_1_133' title='bbox 1742 2127 2046 2199; x_wconf 78' lang='lat' dir='ltr'>videlieet,</span> <span class='ocrx_word' id='word_1_134' title='bbox 2111 2128 2212 2187; x_wconf 83' lang='lat' dir='ltr'>sed</span> <span class='ocrx_word' id='word_1_135' title='bbox 2253 2127 2320 2186; x_wconf 90' lang='lat' dir='ltr'>in</span> <span class='ocrx_word' id='word_1_136' title='bbox 2362 2127 2590 2186; x_wconf 74' lang='lat' dir='ltr'>Graeca</span> 
     </span>
     <span class='ocr_line' id='line_1_17' title="bbox 370 2222 2588 2321; baseline -0.003 -14"><span class='ocrx_word' id='word_1_137' title='bbox 370 2245 768 2307; x_wconf 82' lang='lat' dir='ltr'>Alexandrina</span> <span class='ocrx_word' id='word_1_138' title='bbox 821 2245 1303 2320; x_wconf 74' lang='lat' dir='ltr'>interpretatione</span> <span class='ocrx_word' id='word_1_139' title='bbox 1355 2245 1429 2301; x_wconf 92' lang='lat'>11</span> <span class='ocrx_word' id='word_1_140' title='bbox 1483 2244 1617 2300; x_wconf 77' lang='lat' dir='ltr'>aliis</span> <span class='ocrx_word' id='word_1_141' title='bbox 1664 2244 1856 2300; x_wconf 79' lang='lat' dir='ltr'>etiam.</span> <span class='ocrx_word' id='word_1_142' title='bbox 1939 2243 2008 2301; x_wconf 89' lang='lat' dir='ltr'>In</span> <span class='ocrx_word' id='word_1_143' title='bbox 2051 2222 2143 2301; x_wconf 65' lang='lat' dir='ltr'>Ixia</span> <span class='ocrx_word' id='word_1_144' title='bbox 2183 2254 2378 2303; x_wconf 80' lang='lat' dir='ltr'>tamen</span> <span class='ocrx_word' id='word_1_145' title='bbox 2417 2263 2588 2321; x_wconf 80' lang='lat' dir='ltr'>repe-</span> 
     </span>
     <span class='ocr_line' id='line_1_18' title="bbox 368 2356 2587 2438; baseline -0.002 -15"><span class='ocrx_word' id='word_1_146' title='bbox 368 2365 608 2423; x_wconf 86' lang='lat' dir='ltr'>riuntur</span> <span class='ocrx_word' id='word_1_147' title='bbox 647 2380 768 2420; x_wconf 87' lang='lat' dir='ltr'>non</span> <span class='ocrx_word' id='word_1_148' title='bbox 809 2378 1026 2438; x_wconf 78' lang='lat' dir='ltr'>pauca,</span> <span class='ocrx_word' id='word_1_149' title='bbox 1082 2376 1230 2438; x_wconf 83' lang='lat' dir='ltr'>quae</span> <span class='ocrx_word' id='word_1_150' title='bbox 1269 2376 1304 2416; x_wconf 82' lang='lat' dir='ltr'>a</span> <span class='ocrx_word' id='word_1_151' title='bbox 1334 2356 1565 2419; x_wconf 81' lang='lat' dir='ltr'>Davide</span> <span class='ocrx_word' id='word_1_152' title='bbox 1598 2358 1836 2416; x_wconf 87' lang='lat' dir='ltr'>minime</span> <span class='ocrx_word' id='word_1_153' title='bbox 1866 2368 2112 2434; x_wconf 77' lang='lat' dir='ltr'>possunt</span> <span class='ocrx_word' id='word_1_154' title='bbox 2145 2378 2269 2420; x_wconf 75' lang='lat' dir='ltr'>esse</span> <span class='ocrx_word' id='word_1_155' title='bbox 2301 2361 2587 2437; x_wconf 81' lang='lat' dir='ltr'>confecta,</span> 
     </span>
     <span class='ocr_line' id='line_1_19' title="bbox 367 2471 2586 2553; baseline -0.004 -11"><span class='ocrx_word' id='word_1_156' title='bbox 367 2493 438 2542; x_wconf 86' lang='lat' dir='ltr'>ut</span> <span class='ocrx_word' id='word_1_157' title='bbox 472 2483 669 2540; x_wconf 87' lang='lat' dir='ltr'>omnia</span> <span class='ocrx_word' id='word_1_158' title='bbox 702 2487 796 2553; x_wconf 68' lang='lat' dir='ltr'>ea,</span> <span class='ocrx_word' id='word_1_159' title='bbox 834 2479 896 2537; x_wconf 92' lang='lat' dir='ltr'>in</span> <span class='ocrx_word' id='word_1_160' title='bbox 931 2477 1144 2553; x_wconf 80' lang='lat' dir='ltr'>quibus</span> <span class='ocrx_word' id='word_1_161' title='bbox 1182 2474 1378 2534; x_wconf 80' lang='lat' dir='ltr'>exsilii</span> <span class='ocrx_word' id='word_1_162' title='bbox 1407 2471 1776 2552; x_wconf 79' lang='lat' dir='ltr'>Babylonici,</span> <span class='ocrx_word' id='word_1_163' title='bbox 1816 2476 2062 2534; x_wconf 80' lang='lat' dir='ltr'>desolati</span> <span class='ocrx_word' id='word_1_164' title='bbox 2096 2480 2319 2553; x_wconf 82' lang='lat' dir='ltr'>tempii,</span> <span class='ocrx_word' id='word_1_165' title='bbox 2360 2478 2586 2536; x_wconf 81' lang='lat' dir='ltr'>reditus</span> 
     </span>
     <span class='ocr_line' id='line_1_20' title="bbox 268 2565 2587 2672; baseline -0.002 -13"><span class='ocrx_word' id='word_1_166' title='bbox 268 2599 277 2612; x_wconf 85' lang='lat'>&#39;</span> <span class='ocrx_word' id='word_1_167' title='bbox 367 2619 443 2659; x_wconf 85' lang='lat' dir='ltr'>ex</span> <span class='ocrx_word' id='word_1_168' title='bbox 490 2597 665 2656; x_wconf 80' lang='lat' dir='ltr'>terris</span> <span class='ocrx_word' id='word_1_169' title='bbox 712 2596 930 2653; x_wconf 80' lang='lat' dir='ltr'>exteris</span> <span class='ocrx_word' id='word_1_170' title='bbox 946 2633 968 2666; x_wconf 91' lang='lat'><strong>,</strong></span> <span class='ocrx_word' id='word_1_171' title='bbox 1020 2594 1382 2670; x_wconf 84' lang='lat' dir='ltr'>aliarumque</span> <span class='ocrx_word' id='word_1_172' title='bbox 1424 2609 1655 2665; x_wconf 85' lang='lat' dir='ltr'>rerum,</span> <span class='ocrx_word' id='word_1_173' title='bbox 1723 2609 1870 2669; x_wconf 83' lang='lat' dir='ltr'>quae</span> <span class='ocrx_word' id='word_1_174' title='bbox 1914 2593 1988 2652; x_wconf 79' lang='lat' dir='ltr'>ad</span> <span class='ocrx_word' id='word_1_175' title='bbox 2030 2591 2278 2653; x_wconf 79' lang='lat' dir='ltr'>Davidis</span> <span class='ocrx_word' id='word_1_176' title='bbox 2313 2565 2587 2672; x_wconf 42' lang='lat' dir='ltr'>‘tempora</span> 
     </span>
     <span class='ocr_line' id='line_1_21' title="bbox 366 2706 2585 2794; baseline -0.002 -19"><span class='ocrx_word' id='word_1_177' title='bbox 366 2714 577 2775; x_wconf 77' lang='lat' dir='ltr'>referri</span> <span class='ocrx_word' id='word_1_178' title='bbox 615 2719 941 2789; x_wconf 87' lang='lat' dir='ltr'>nequeunt,</span> <span class='ocrx_word' id='word_1_179' title='bbox 976 2711 1195 2769; x_wconf 88' lang='lat' dir='ltr'>mentio</span> <span class='ocrx_word' id='word_1_180' title='bbox 1229 2706 1539 2768; x_wconf 81' lang='lat' dir='ltr'>manifesto</span> <span class='ocrx_word' id='word_1_181' title='bbox 1575 2716 1665 2765; x_wconf 74' lang='lat' dir='ltr'>est</span> <span class='ocrx_word' id='word_1_182' title='bbox 1692 2707 1871 2766; x_wconf 77' lang='lat' dir='ltr'>faeta.</span> <span class='ocrx_word' id='word_1_183' title='bbox 1955 2708 2179 2769; x_wconf 77' lang='lat' dir='ltr'>Rursus</span> <span class='ocrx_word' id='word_1_184' title='bbox 2208 2729 2420 2794; x_wconf 80' lang='lat' dir='ltr'>magna</span> <span class='ocrx_word' id='word_1_185' title='bbox 2451 2730 2585 2770; x_wconf 84' lang='lat' dir='ltr'>ear-</span> 
     </span>
     <span class='ocr_line' id='line_1_22' title="bbox 366 2823 2581 2906; baseline -0.001 -16"><span class='ocrx_word' id='word_1_186' title='bbox 366 2833 590 2892; x_wconf 87' lang='lat' dir='ltr'>minum</span> <span class='ocrx_word' id='word_1_187' title='bbox 633 2846 799 2906; x_wconf 83' lang='lat' dir='ltr'>pars,</span> <span class='ocrx_word' id='word_1_188' title='bbox 867 2826 1075 2903; x_wconf 84' lang='lat' dir='ltr'>quibus</span> <span class='ocrx_word' id='word_1_189' title='bbox 1130 2844 1236 2884; x_wconf 84' lang='lat' dir='ltr'>neo</span> <span class='ocrx_word' id='word_1_190' title='bbox 1288 2823 1572 2898; x_wconf 84' lang='lat' dir='ltr'>Davidis,</span> <span class='ocrx_word' id='word_1_191' title='bbox 1646 2843 1754 2884; x_wconf 84' lang='lat' dir='ltr'>nee</span> <span class='ocrx_word' id='word_1_192' title='bbox 1809 2828 1989 2886; x_wconf 79' lang='lat' dir='ltr'>ullius</span> <span class='ocrx_word' id='word_1_193' title='bbox 2032 2830 2271 2887; x_wconf 89' lang='lat' dir='ltr'>omnino</span> <span class='ocrx_word' id='word_1_194' title='bbox 2324 2830 2581 2887; x_wconf 79' lang='lat' dir='ltr'>auctoris</span> 
     </span>
     <span class='ocr_line' id='line_1_23' title="bbox 367 2943 2584 3023; baseline -0 -17"><span class='ocrx_word' id='word_1_195' title='bbox 367 2948 711 3023; x_wconf 83' lang='lat' dir='ltr'>inscriptum</span> <span class='ocrx_word' id='word_1_196' title='bbox 758 2953 848 3002; x_wconf 86' lang='lat' dir='ltr'>est</span> <span class='ocrx_word' id='word_1_197' title='bbox 900 2961 1146 3018; x_wconf 87' lang='lat' dir='ltr'>nomen,</span> <span class='ocrx_word' id='word_1_198' title='bbox 1216 2943 1304 2999; x_wconf 85' lang='lat' dir='ltr'>ita</span> <span class='ocrx_word' id='word_1_199' title='bbox 1359 2950 1449 2999; x_wconf 83' lang='lat' dir='ltr'>est</span> <span class='ocrx_word' id='word_1_200' title='bbox 1506 2952 1857 3020; x_wconf 75' lang='lat' dir='ltr'>comparata,</span> <span class='ocrx_word' id='word_1_201' title='bbox 1929 2954 1999 3002; x_wconf 90' lang='lat' dir='ltr'>ut</span> <span class='ocrx_word' id='word_1_202' title='bbox 2049 2963 2087 3002; x_wconf 89' lang='lat' dir='ltr'>a</span> <span class='ocrx_word' id='word_1_203' title='bbox 2142 2948 2369 3004; x_wconf 87' lang='lat' dir='ltr'>nemine</span> <span class='ocrx_word' id='word_1_204' title='bbox 2409 2944 2584 3006; x_wconf 78' lang='lat' dir='ltr'>facile</span> 
     </span>
     <span class='ocr_line' id='line_1_24' title="bbox 364 3057 2580 3140; baseline 0 -18"><span class='ocrx_word' id='word_1_205' title='bbox 364 3064 625 3128; x_wconf 78' lang='lat' dir='ltr'>dubitari</span> <span class='ocrx_word' id='word_1_206' title='bbox 668 3063 890 3140; x_wconf 83' lang='lat' dir='ltr'>possit,</span> <span class='ocrx_word' id='word_1_207' title='bbox 947 3063 1090 3140; x_wconf 83' lang='lat' dir='ltr'>quin</span> <span class='ocrx_word' id='word_1_208' title='bbox 1133 3078 1169 3119; x_wconf 85' lang='lat' dir='ltr'>a</span> <span class='ocrx_word' id='word_1_209' title='bbox 1214 3057 1443 3119; x_wconf 83' lang='lat' dir='ltr'>Davide</span> <span class='ocrx_word' id='word_1_210' title='bbox 1485 3061 1608 3119; x_wconf 87' lang='lat' dir='ltr'>sint</span> <span class='ocrx_word' id='word_1_211' title='bbox 1652 3060 1931 3121; x_wconf 76' lang='lat' dir='ltr'>confecta.</span> <span class='ocrx_word' id='word_1_212' title='bbox 1989 3062 2152 3134; x_wconf 22' lang='lat' dir='ltr'>*Non</span> <span class='ocrx_word' id='word_1_213' title='bbox 2195 3063 2383 3121; x_wconf 85' lang='lat' dir='ltr'>solum</span> <span class='ocrx_word' id='word_1_214' title='bbox 2425 3062 2580 3122; x_wconf 84' lang='lat' dir='ltr'>enim</span> 
     </span>
     <span class='ocr_line' id='line_1_25' title="bbox 364 3177 2579 3260; baseline -0.004 -18"><span class='ocrx_word' id='word_1_215' title='bbox 364 3179 556 3259; x_wconf 61' lang='lat' dir='ltr'>stylus</span> <span class='ocrx_word' id='word_1_216' title='bbox 599 3180 895 3260; x_wconf 70' lang='lat' dir='ltr'>conspirat</span> <span class='ocrx_word' id='word_1_217' title='bbox 912 3219 932 3253; x_wconf 92' lang='lat'><strong>,</strong></span> <span class='ocrx_word' id='word_1_218' title='bbox 985 3178 1087 3237; x_wconf 77' lang='lat' dir='ltr'>sed</span> <span class='ocrx_word' id='word_1_219' title='bbox 1132 3195 1278 3255; x_wconf 83' lang='lat' dir='ltr'>quae</span> <span class='ocrx_word' id='word_1_220' title='bbox 1322 3177 1394 3234; x_wconf 82' lang='lat' dir='ltr'>in</span> <span class='ocrx_word' id='word_1_221' title='bbox 1435 3178 1561 3256; x_wconf 75' lang='lat' dir='ltr'>ipso</span> <span class='ocrx_word' id='word_1_222' title='bbox 1607 3180 1862 3237; x_wconf 76' lang='lat' dir='ltr'>carmine</span> <span class='ocrx_word' id='word_1_223' title='bbox 1906 3181 2198 3239; x_wconf 82' lang='lat' dir='ltr'>interdum</span> <span class='ocrx_word' id='word_1_224' title='bbox 2245 3185 2579 3252; x_wconf 81' lang='lat' dir='ltr'>occurrunt,</span> 
     </span>
     <span class='ocr_line' id='line_1_26' title="bbox 364 3292 2580 3374; baseline -0.001 -18"><span class='ocrx_word' id='word_1_225' title='bbox 364 3297 456 3356; x_wconf 76' lang='lat' dir='ltr'>ita</span> <span class='ocrx_word' id='word_1_226' title='bbox 488 3313 552 3353; x_wconf 82' lang='lat' dir='ltr'>se</span> <span class='ocrx_word' id='word_1_227' title='bbox 595 3293 848 3369; x_wconf 80' lang='lat' dir='ltr'>habent,</span> <span class='ocrx_word' id='word_1_228' title='bbox 897 3305 967 3355; x_wconf 83' lang='lat' dir='ltr'>ut</span> <span class='ocrx_word' id='word_1_229' title='bbox 1002 3295 1077 3354; x_wconf 79' lang='lat' dir='ltr'>ad</span> <span class='ocrx_word' id='word_1_230' title='bbox 1108 3295 1227 3352; x_wconf 74' lang='lat' dir='ltr'>alis</span> <span class='ocrx_word' id='word_1_231' title='bbox 1258 3302 1519 3370; x_wconf 81' lang='lat' dir='ltr'>tempora</span> <span class='ocrx_word' id='word_1_232' title='bbox 1552 3311 1794 3372; x_wconf 79' lang='lat' dir='ltr'>prorsus</span> <span class='ocrx_word' id='word_1_233' title='bbox 1830 3292 2034 3352; x_wconf 80' lang='lat' dir='ltr'>referri</span> <span class='ocrx_word' id='word_1_234' title='bbox 2075 3305 2378 3374; x_wconf 83' lang='lat' dir='ltr'>nequeant.</span> <span class='ocrx_word' id='word_1_235' title='bbox 2459 3293 2580 3354; x_wconf 76' lang='lat' dir='ltr'>sed</span> 
     </span>
     <span class='ocr_line' id='line_1_27' title="bbox 365 3404 2579 3490; baseline 0.001 -21"><span class='ocrx_word' id='word_1_236' title='bbox 365 3427 608 3490; x_wconf 78' lang='lat' dir='ltr'>prorsus</span> <span class='ocrx_word' id='word_1_237' title='bbox 663 3404 988 3482; x_wconf 75' lang='lat' dir='ltr'>rejicienda</span> <span class='ocrx_word' id='word_1_238' title='bbox 1045 3415 1136 3467; x_wconf 88' lang='lat' dir='ltr'>est</span> <span class='ocrx_word' id='word_1_239' title='bbox 1189 3411 1480 3468; x_wconf 79' lang='lat' dir='ltr'>sententia</span> <span class='ocrx_word' id='word_1_240' title='bbox 1537 3429 1734 3469; x_wconf 83' lang='lat' dir='ltr'>eorum</span> <span class='ocrx_word' id='word_1_241' title='bbox 1750 3448 1772 3483; x_wconf 97' lang='lat'><strong>,</strong></span> <span class='ocrx_word' id='word_1_242' title='bbox 1841 3412 1945 3488; x_wconf 82' lang='lat' dir='ltr'>qui</span> <span class='ocrx_word' id='word_1_243' title='bbox 1992 3408 2209 3470; x_wconf 80' lang='lat' dir='ltr'>Davidi</span> <span class='ocrx_word' id='word_1_244' title='bbox 2271 3409 2579 3471; x_wconf 75' lang='lat' dir='ltr'>tribuenda</span> 
     </span>
     <span class='ocr_line' id='line_1_28' title="bbox 362 3525 2579 3607; baseline 0.002 -23"><span class='ocrx_word' id='word_1_245' title='bbox 362 3531 610 3585; x_wconf 74' lang='lat' dir='ltr'>‚eensent</span> <span class='ocrx_word' id='word_1_246' title='bbox 640 3525 839 3582; x_wconf 84' lang='lat' dir='ltr'>omnia</span> <span class='ocrx_word' id='word_1_247' title='bbox 876 3544 945 3583; x_wconf 81' lang='lat' dir='ltr'>ea</span> <span class='ocrx_word' id='word_1_248' title='bbox 983 3525 1277 3597; x_wconf 81' lang='lat' dir='ltr'>earmina,</span> <span class='ocrx_word' id='word_1_249' title='bbox 1319 3525 1527 3602; x_wconf 84' lang='lat' dir='ltr'>quibus</span> <span class='ocrx_word' id='word_1_250' title='bbox 1563 3535 1766 3604; x_wconf 80' lang='lat' dir='ltr'>poetae</span> <span class='ocrx_word' id='word_1_251' title='bbox 1795 3546 2005 3588; x_wconf 84' lang='lat' dir='ltr'>nomen</span> <span class='ocrx_word' id='word_1_252' title='bbox 2041 3529 2455 3607; x_wconf 82' lang='lat' dir='ltr'>praescriptum</span> <span class='ocrx_word' id='word_1_253' title='bbox 2486 3541 2579 3589; x_wconf 83' lang='lat' dir='ltr'>est</span> 
     </span>
     <span class='ocr_line' id='line_1_29' title="bbox 365 3624 2576 3723; baseline 0.003 -22"><span class='ocrx_word' id='word_1_254' title='bbox 365 3639 612 3702; x_wconf 83' lang='lat' dir='ltr'>nullum.</span> <span class='ocrx_word' id='word_1_255' title='bbox 706 3624 1065 3722; x_wconf 74' lang='lat' dir='ltr'>Argumento</span> <span class='ocrx_word' id='word_1_256' title='bbox 1110 3650 1358 3700; x_wconf 81' lang='lat' dir='ltr'>utuntur</span> <span class='ocrx_word' id='word_1_257' title='bbox 1398 3643 1766 3719; x_wconf 81' lang='lat' dir='ltr'>potissimum</span> <span class='ocrx_word' id='word_1_258' title='bbox 1809 3642 1950 3719; x_wconf 85' lang='lat' dir='ltr'>hoe,</span> <span class='ocrx_word' id='word_1_259' title='bbox 2019 3644 2172 3723; x_wconf 81' lang='lat' dir='ltr'>quod</span> <span class='ocrx_word' id='word_1_260' title='bbox 2215 3654 2337 3704; x_wconf 85' lang='lat' dir='ltr'>tam</span> <span class='ocrx_word' id='word_1_261' title='bbox 2382 3648 2413 3703; x_wconf 92' lang='lat'><em>1</em></span> <span class='ocrx_word' id='word_1_262' title='bbox 2436 3644 2576 3708; x_wconf 80' lang='lat' dir='ltr'>chr.</span> 
     </span>
     <span class='ocr_line' id='line_1_30' title="bbox 370 3751 2580 3839; baseline 0.003 -22"><span class='ocrx_word' id='word_1_263' title='bbox 370 3757 476 3833; x_wconf 85' lang='lat'>16,</span> <span class='ocrx_word' id='word_1_264' title='bbox 504 3760 563 3816; x_wconf 90' lang='grc'>7.</span> <span class='ocrx_word' id='word_1_265' title='bbox 593 3776 716 3836; x_wconf 85' lang='lat' dir='ltr'>sqq.</span> <span class='ocrx_word' id='word_1_266' title='bbox 759 3754 977 3817; x_wconf 79' lang='lat' dir='ltr'>Psahni</span> <span class='ocrx_word' id='word_1_267' title='bbox 1015 3751 1375 3837; x_wconf 74' lang='grc' dir='ltr'><strong><em>ἀδεσποτοῖ,</em></strong></span> <span class='ocrx_word' id='word_1_268' title='bbox 1434 3761 1534 3823; x_wconf 84' lang='grc'>96.</span> <span class='ocrx_word' id='word_1_269' title='bbox 1566 3769 1627 3818; x_wconf 89' lang='lat' dir='ltr'>et</span> <span class='ocrx_word' id='word_1_270' title='bbox 1667 3760 1842 3834; x_wconf 64' lang='lat'>105„</span> <span class='ocrx_word' id='word_1_271' title='bbox 1893 3779 2064 3839; x_wconf 83' lang='lat' dir='ltr'>quam</span> <span class='ocrx_word' id='word_1_272' title='bbox 2100 3761 2165 3825; x_wconf 80' lang='lat' dir='ltr'>in</span> <span class='ocrx_word' id='word_1_273' title='bbox 2197 3761 2273 3821; x_wconf 87' lang='lat' dir='ltr'>N·</span> <span class='ocrx_word' id='word_1_274' title='bbox 2308 3762 2381 3823; x_wconf 89' lang='grc' dir='ltr'>Τ.</span> <span class='ocrx_word' id='word_1_275' title='bbox 2408 3765 2580 3824; x_wconf 76' lang='lat' dir='ltr'>Psal-</span> 
     </span>
     <span class='ocr_line' id='line_1_31' title="bbox 366 3869 2578 3958; baseline 0.004 -24"><span class='ocrx_word' id='word_1_276' title='bbox 366 3894 494 3935; x_wconf 79' lang='lat' dir='ltr'>mus</span> <span class='ocrx_word' id='word_1_277' title='bbox 527 3878 589 3935; x_wconf 80' lang='lat'>2.</span> <span class='ocrx_word' id='word_1_278' title='bbox 633 3872 790 3957; x_wconf 79' lang='lat' dir='ltr'>(Aet.</span> <span class='ocrx_word' id='word_1_279' title='bbox 820 3876 884 3948; x_wconf 81' lang='lat'>4,</span> <span class='ocrx_word' id='word_1_280' title='bbox 915 3869 1048 3957; x_wconf 83' lang='lat'>25.)</span> <span class='ocrx_word' id='word_1_281' title='bbox 1083 3886 1141 3933; x_wconf 88' lang='lat' dir='ltr'>et</span> <span class='ocrx_word' id='word_1_282' title='bbox 1172 3875 1273 3936; x_wconf 79' lang='lat'>95.</span> <span class='ocrx_word' id='word_1_283' title='bbox 1318 3875 1525 3958; x_wconf 84' lang='lat' dir='ltr'>(Hebr.</span> <span class='ocrx_word' id='word_1_284' title='bbox 1559 3881 1622 3953; x_wconf 81' lang='lat'>4,</span> <span class='ocrx_word' id='word_1_285' title='bbox 1655 3872 1781 3957; x_wconf 68' lang='grc'><strong>7.),</strong></span> <span class='ocrx_word' id='word_1_286' title='bbox 1823 3877 2023 3937; x_wconf 81' lang='lat' dir='ltr'>itidem</span> <span class='ocrx_word' id='word_1_287' title='bbox 2055 3881 2237 3939; x_wconf 78' lang='lat' dir='ltr'>nullis</span> <span class='ocrx_word' id='word_1_288' title='bbox 2269 3892 2578 3944; x_wconf 72' lang='lat' dir='ltr'>auctorum</span> 
     </span>
     <span class='ocr_line' id='line_1_32' title="bbox 363 3991 2578 4079; baseline 0.006 -30"><span class='ocrx_word' id='word_1_289' title='bbox 363 3991 697 4051; x_wconf 75' lang='lat' dir='ltr'>nominibus</span> <span class='ocrx_word' id='word_1_290' title='bbox 731 3994 1038 4073; x_wconf 77' lang='lat' dir='ltr'>insigniti,</span> <span class='ocrx_word' id='word_1_291' title='bbox 1076 3991 1294 4054; x_wconf 75' lang='lat' dir='ltr'>Davidi</span> <span class='ocrx_word' id='word_1_292' title='bbox 1327 3998 1553 4056; x_wconf 80' lang='lat' dir='ltr'>auctori</span> <span class='ocrx_word' id='word_1_293' title='bbox 1593 4000 1985 4079; x_wconf 70' lang='lat' dir='ltr'>assignantur.</span> <span class='ocrx_word' id='word_1_294' title='bbox 2069 3994 2284 4058; x_wconf 84' lang='lat' dir='ltr'>Verum</span> <span class='ocrx_word' id='word_1_295' title='bbox 2313 4001 2465 4079; x_wconf 85' lang='lat' dir='ltr'>quod</span> <span class='ocrx_word' id='word_1_296' title='bbox 2497 4022 2578 4064; x_wconf 81' lang='lat' dir='ltr'>ex</span> 
     </span>
     <span class='ocr_line' id='line_1_33' title="bbox 366 4107 2578 4194; baseline 0.005 -27"><span class='ocrx_word' id='word_1_297' title='bbox 366 4107 785 4168; x_wconf 76' lang='lat' dir='ltr'>chronicorum</span> <span class='ocrx_word' id='word_1_298' title='bbox 826 4109 979 4168; x_wconf 87' lang='lat' dir='ltr'>libro</span> <span class='ocrx_word' id='word_1_299' title='bbox 1023 4113 1240 4188; x_wconf 80' lang='lat' dir='ltr'>petitur</span> <span class='ocrx_word' id='word_1_300' title='bbox 1277 4114 1705 4190; x_wconf 81' lang='lat' dir='ltr'>testimonium,</span> <span class='ocrx_word' id='word_1_301' title='bbox 1766 4117 1850 4173; x_wconf 90' lang='lat' dir='ltr'>ita</span> <span class='ocrx_word' id='word_1_302' title='bbox 1893 4126 2285 4192; x_wconf 84' lang='lat' dir='ltr'>comparatum</span> <span class='ocrx_word' id='word_1_303' title='bbox 2325 4128 2443 4194; x_wconf 84' lang='lat' dir='ltr'>est,</span> <span class='ocrx_word' id='word_1_304' title='bbox 2502 4131 2578 4179; x_wconf 87' lang='lat' dir='ltr'>ut</span> 
     </span>
     <span class='ocr_line' id='line_1_34' title="bbox 362 4224 2577 4313; baseline 0.006 -31"><span class='ocrx_word' id='word_1_305' title='bbox 362 4224 460 4282; x_wconf 86' lang='lat' dir='ltr'>hic</span> <span class='ocrx_word' id='word_1_306' title='bbox 495 4229 556 4282; x_wconf 91' lang='lat' dir='ltr'>in</span> <span class='ocrx_word' id='word_1_307' title='bbox 587 4246 815 4284; x_wconf 75' lang='lat' dir='ltr'>censum</span> <span class='ocrx_word' id='word_1_308' title='bbox 852 4231 1046 4285; x_wconf 77' lang='lat' dir='ltr'>venire</span> <span class='ocrx_word' id='word_1_309' title='bbox 1078 4251 1313 4307; x_wconf 72' lang='lat' dir='ltr'>prorsus</span> <span class='ocrx_word' id='word_1_310' title='bbox 1350 4245 1613 4311; x_wconf 85' lang='lat' dir='ltr'>nequeat.</span> <span class='ocrx_word' id='word_1_311' title='bbox 1697 4234 1832 4291; x_wconf 88' lang='lat' dir='ltr'>Non</span> <span class='ocrx_word' id='word_1_312' title='bbox 1869 4235 2096 4313; x_wconf 81' lang='lat' dir='ltr'>integra</span> <span class='ocrx_word' id='word_1_313' title='bbox 2126 4237 2286 4292; x_wconf 81' lang='lat' dir='ltr'>enim</span> <span class='ocrx_word' id='word_1_314' title='bbox 2314 4238 2577 4298; x_wconf 82' lang='lat' dir='ltr'>earmina</span> 
     </span>
    </p>
   </div>
   <div class='ocr_carea' id='block_1_3' title="bbox 362 4347 2575 4429">
    <p class='ocr_par' dir='ltr' id='par_1_5' title="bbox 362 4347 2575 4429">
     <span class='ocr_line' id='line_1_35' title="bbox 362 4347 2575 4429; baseline 0.005 -29"><span class='ocrx_word' id='word_1_315' title='bbox 362 4347 581 4403; x_wconf 86' lang='lat' dir='ltr'>excitat</span> <span class='ocrx_word' id='word_1_316' title='bbox 626 4351 996 4414; x_wconf 68' lang='lat' dir='ltr'>auctor-,11:32⁹</span> <span class='ocrx_word' id='word_1_317' title='bbox 1044 4349 1331 4428; x_wconf 81' lang='lat' dir='ltr'>Paralip.,</span> <span class='ocrx_word' id='word_1_318' title='bbox 1380 4353 1636 4429; x_wconf 82' lang='lat' dir='ltr'>quisquis</span> <span class='ocrx_word' id='word_1_319' title='bbox 1684 4352 1782 4411; x_wconf 85' lang='lat' dir='ltr'>ille</span> <span class='ocrx_word' id='word_1_320' title='bbox 1825 4350 2035 4424; x_wconf 81' lang='lat' dir='ltr'>fuerit,</span> <span class='ocrx_word' id='word_1_321' title='bbox 2092 4354 2192 4410; x_wconf 69' lang='lat' dir='ltr'>sed</span> <span class='ocrx_word' id='word_1_322' title='bbox 2239 4353 2575 4429; x_wconf 82' lang='lat' dir='ltr'>imperfecta</span> 
     </span>
    </p>
   </div>
  </div>
 </body>
</html>
