2747 4800
295 282 450 355 524
983 254 988 259 ’
1103 285 1226 352 1²⁸.
1274 304 1433 377 92,
1447 281 1695 350 4-8,

289 476 483 564 *5222
532 468 825 551 significet
864 484 1103 527 carmen
1145 485 1274 525 cum
1318 466 1610 544 cythara,
1675 485 1721 525 ι.
1768 467 2118 546 increpando
2156 467 2491 546 cytharam·
2476 513 2495 545 ‚

289 574 554 627 carmen,
607 555 762 632 quod
804 555 879 613 ad
915 552 1212 631 cytharam
1253 554 1467 610 cecinit
1504 564 1690 629 poeta.
1772 552 1864 612 lta
1896 554 2321 614 Alexandrinus
2365 555 2494 613 111.

286 641 419 721 μετ’
457 636 617 745 3¹³5?
659 639 724 701 ἐν
773 633 1050 721 κιθάρᾳ,
1127 637 1439 715 eodemque
1485 639 1658 696 modo
1702 639 1892 711 9,17.
1949 636 2080 701 ,750
2140 641 2315 727 Τιἐη
2364 636 2493 720 ᾠδὴ

286 724 445 806 διαψ
448 724 718 798 αλματος
758 724 1028 783 reddidit.
1108 719 1433 780 Chaldaeus
1464 733 1665 780 nostra
1692 722 1867 780 verba
1908 734 2116 788 ww:
2163 736 2316 803 mr}
2364 724 2499 814 «ιζ’,

286 813 371 883 ad
407 812 850 869 meditationem
899 826 947 865 s.
990 817 1225 865 cantum
1269 804 1693 883 cythararum,
1751 791 2078 867 transtu'lit.
2160 790 2314 867 Sed
2319 829 2496 887 quum

283 901 455 983 rium
485 897 732 955 medium
760 895 914 952 inter
939 894 1327 950 instrumenta
1354 893 1575 948 musica
1606 904 1845 968 occupet
1875 895 2083 965 locum,
2114 911 2290 970 quum
2320 897 2494 954 etiam

284 963 522 1054 eodem,
576 991 645 1038 nt
676 979 815 1053 illa,
873 978 1046 1036 modo
1086 986 1220 1034 ante
1252 995 1315 1035 se
1347 974 1557 1034 habeat
1586 979 2072 1079 praepositionem
2113 974 2253 1063 222,
2304 982 2493 1038 satius

287 1069 526 1126 omnino
566 1065 777 1138 fuerit,
837 1082 942 1141 pro
972 1063 1185 1141 organi
1212 1062 1420 1119 musici
1452 1064 1685 1120 nomine
1718 1062 1861 1121 illud
1894 1061 2135 1136 habere,
2191 1084 2340 1140 quae
2371 1066 2493 1138 jam

285 1151 491 1210 Aben-
491 1151 688 1210 Esrae
729 1142 924 1207 fuerat
965 1149 1270 1206 sententia.
1353 1139 1494 1204 Erit
1539 1148 1756 1228 igitur.
1816 1147 1900 1206 ad
1938 1166 2140 1206 ιοιιιιιιι
2178 1146 2495 1227 Higgaz‘on

177 1324 182 1331 θ
283 1255 411 1296 cum
452 1233 710 1314 cythara
743 1234 949 1335 juncti.

451 1336 510 1396 5.
595 1308 830 1436 ’,ἵδρυε
864 1333 1025 1395 ΓΙἿΠἿ
1084 1334 1348 1423 ”nqflwip
1395 1341 1471 1392 ‘⁶2
1500 1329 1683 1403 Quia
1733 1330 2096 1406 laetficaati
2136 1352 2257 1408 ms,
2314 1331 2494 1410 Jova,

282 1421 564 1502 operibus
602 1404 761 1495 tuiz,
823 1400 963 1498 quia
1005 1398 1365 1495 'voluptatem
1407 1427 1469 1475 et
1512 1418 1794 1475 laetitiam
1839 1417 1983 1476 mihi
2025 1426 2184 1477 creat
2230 1430 2493 1478 contem-

282 1509 464 1586 platio
489 1526 695 1565 rerum
730 1516 961 1564 tuarum
999 1503 1064 1560 in
1103 1499 1494 1583 gubernandis
1531 1501 1703 1560 rebus
1738 1500 2021 1561 humanis.
2108 1503 2305 1582 Neque
2336 1507 2490 1563 enim

282 1594 356 1652 ad
400 1603 646 1651 naturae
691 1607 898 1691 opera,
956 1597 1024 1648 ut
1068 1589 1240 1646 multi
1288 1588 1526 1662 volunt,
1579 1585 1882 1646 referenda
1921 1587 2061 1647 haec
2106 1608 2264 1663 esse,
2324 1589 2492 1648 docet

277 1677 504 1754 reliqua
550 1676 826 1734 carminis
871 1691 1044 1749 pars,
1115 1689 1261 1751 quae
1304 1680 1433 1728 tota
1472 1675 1534 1730 in
1580 1672 1781 1730 divina
1818 1674 2052 1746 justitia
2093 1683 2151 1731 et
2203 1676 2492 1753 aequitate

278 1760 622 1821 celebranda
649 1768 935 1818 versatur.
1017 1765 1179 1846 ῘΞἿΝ
1217 1762 1363 1843 ἾἾΤ
1411 1761 1625 1849 'ipah-:n
1665 1756 1887 1814 Exulet)
1919 1758 1984 1814 ιἰι
2014 1759 2491 1817 consideratione
2522 1796 2527 1807 -

279 1864 512 1918 eorum,
570 1862 723 1925 quae
761 1839 1030 1918 efficiunt
1066 1859 1272 1901 manue
1316 1850 1490 1916 tuae,
1523 1824 1682 1943 du⁸m
1707 1844 1820 1920 piis
1849 1853 1909 1901 et
1936 1845 2130 1969 impiis
2160 1843 2488 1904 bominibus

270 1933 433 2008 justa
470 1930 753 2013 rependis.

309 2078 322 2086 ,
450 2033 512 2092 6.
601 2033 787 2100 Quam
818 2025 1032 2089 eximia
1064 2036 1203 2086 sunt
1231 2037 1290 2084 et
1318 2027 1680 2106 singularia,
1721 2044 1869 2105 quae
1900 2025 2081 2103 facis,
2124 2028 2302 2089 Jova!
2373 2031 2489 2092 Sa-

276 2119 498 2196 pientia
523 2126 628 2175 tua
652 2125 743 2174 est
767 2113 1145 2188 inexhausta3
1176 2114 1237 2171 'et
1262 2113 1323 2169 in
1352 2111 1550 2170 abdito
1574 2114 1788 2188 posita,
1818 2123 1884 2170 ut
1912 2113 2256 2192 investigari
2288 2128 2503 2176 eornm·

275 2205 433 2262 ratio
471 2219 593 2260 non
634 2201 852 2276 possit,
906 2206 1044 2256 sunt
1077 2197 1330 2256 consilia
1358 2196 1761 2273 providentiae
1795 2207 1929 2262 tuae
1965 2201 2030 2257 in
2067 2201 2489 2283 gubernatione

274 2306 471 2346 rerum
511 2285 914 2343 humanarum·

451 2396 512 2453 7.
598 2395 760 2463 Quae
791 2410 976 2472 genus
1011 2391 1161 2451 illud
1192 2391 1434 2450 stultum
1471 2399 1534 2449 et
1569 2391 1912 2468 profanum,
1972 2390 2225 2454 humana
2259 2405 2486 2457 tantum

277 2480 647 2558 sapientium,
681 2496 803 2535 non
831 2480 1102 2558 agnoscit
1132 2495 1313 2554 neque
1342 2477 1646 2556 intelligit.
1718 2471 1902 2542 bffozn
1945 2488 2076 2541 *wa
2117 2480 2201 2541 τύ
2205 2494 2249 2564 ις
2289 2482 2485 2541 virum

274 2563 556 2625 stolidum
580 2572 641 2620 ct
667 2562 913 2621 stultum
953 2559 1099 2641 (vid.
1125 2562 1199 2619 ad
1226 2561 1333 2634 49,
1359 2564 1452 2619 ll.
1497 2564 1598 2634 73,
1616 2558 1746 2642 22.)
1779 2575 1968 2622 vatem
2001 2568 2302 2625 nominare
2334 2586 2487 2642 eum,

276 2652 381 2729 qui
422 2649 822 2726 providentiae
861 2649 1098 2707 divinae
1137 2647 1617 2727 gubernationem
1655 2667 1774 2706 non
1820 2650 2139 2730 intelligit,
2196 2654 2486 2711 orationis

275 2744 586 2796 contextus
634 2734 818 2792 docet.
849 2795 852 2804 ,
887 2732 1227 2793 ‘cohaerent
1270 2743 1463 2791 autem
1509 2735 1660 2790 inter
1701 2752 1764 2790 se
1806 2736 2144 2794 continente
2192 2740 2489 2796 sententia

275 2818 492 2880 Versus
519 2821 574 2876 7.
603 2824 661 2879 8.
688 2821 768 2892 9.,
808 2828 868 2877 et
893 2819 1316 2896 providentiam
1346 2834 1416 2873 ac
1443 2818 1725 2894 iudicium
1759 2816 1871 2876 Dei
1901 2820 2194 2880 celebrant
2221 2824 2289 2880 in
2315 2841 2488 2881 ever-

276 2904 480 2965 tendis*
504 2904 736 2980 impiis,
789 2906 946 2963 sicut
972 2914 1179 2961 contra
1211 2913 1513 2980 sequentes
1542 2905 1902 2961 contrarium
1938 2905 2269 2979 celebrant,
2323 2909 2485 2985 quod

271 2999 576 3050 conservat
604 2987 876 3047 florentes
902 2991 1067 3065 pios3
1089 2999 1281 3067 'atque
1313 2989 1398 3044 ita
1429 2986 1851 3062 providentiam
1882 2990 2167 3049 universi.
2209 2991 2484 3052 Jarchius

268 3075 426 3133 hunc
457 3072 700 3132 Versum
728 3092 857 3132 cum
885 3092 1040 3150 seqq.
1083 3074 1168 3130 ita
1204 3074 1531 3131 connectit·
1589 3091 1707 3130 non
1747 3083 2025 3150 penetrat
2049 3074 2191 3133 hoc
2196 3078 2291 3136 vir
2334 3080 2486 3136 insi-

270 3162 467 3236 piens,
525 3160 816 3235 improbos
851 3157 1149 3230 homines,
1198 3158 1427 3215 etiamsi
1466 3156 1541 3216 ad
1582 3176 1854 3234 praesens
1894 3157 2143 3219 ssoreant
2182 3177 2241 3220 et
2279 3166 2485 3242 vigere

267 3245 597 3316 videantur,
638 3243 867 3302 tandem
898 3245 1210 3320 perituros,
1246 3241 1344 3300 Vs
1380 3242 1438 3300 8.

343 3381 354 3389 =
439 3354 501 3411 8.
589 3349 734 3410 Cum
775 3350 1152 3428 efflorescunt
1190 3351 1362 3431 impii
1402 3353 1604 3411 instar
1647 3349 1895 3426 herbae,
1961 3365 2024 3414 et
2074 3373 2206 3414 cnm
2244 3357 2484 3433 floreat

272 3434 406 3517 (212
409 3447 530 3522 :tq
568 3455 674 3512 pro
717 3433 1127 3529 ³2⁸22·Dt57)
1151 3436 1516 3510 facinorosi
1553 3435 1830 3512 homines,
1874 3438 2085 3499 florent
2125 3450 2194 3497 ue
2235 3443 2485 3509 exscin-

270 3501 497 3582 dantur
526 3522 590 3578 in
615 3530 988 3623 perpetuum·
1023 3505 1188 3622 (ante
1221 3519 1488 3616 mutini-¹·
1518 3521 1886 3601 repetendum
1920 3520 2158 3614 ³2:³2³)
2226 3526 2483 3588 Sensus.

272 3606 419 3665 Cum
447 3608 702 3682 speciose
730 3605 988 3665 florent
971 3607 1137 3680 impii
1169 3590 1343 3683 atque
1373 3614 1523 3666 laeto
1553 3608 1816 3686 germine
1843 3593 2188 3680 luxuriant3
2238 3613 2482 3670 minime

267 3691 380 3762 boc
410 3692 644 3749 nomine
673 3691 831 3751 beati
859 3701 996 3748 sunt
1022 3690 1268 3750 habendi
1298 3692 1416 3764 illi,
1450 3711 1626 3769 quum
1654 3704 1713 3750 et
1740 3711 2101 3773 nequaquam
2129 3696 2478 3755 diuturnum

265 3775 378 3834 hoc
424 3778 505 3833 sit
545 3776 666 3847 eis,
731 3786 791 3834 et
836 3795 868 3835 e
908 3774 1152 3834 florente
1193 3787 1349 3835 statu
1396 3774 1586 3835 medio
1626 3796 1734 3835 suo
1779 3779 1844 3835 in
1883 3792 2179 3846 aeternum
2228 3783 2477 3839 exitium

268 3862 652 3935 abripiuntur.
734 3861 870 3920 Ideo
917 3854 1211 3937 comparat
1255 3879 1354 3919 eos
1405 3863 1654 3942 gramini
1704 3873 1762 3920 et
1805 3861 1996 3921 herbis
2039 3863 2476 3924 luxuriantibus

264 3946 515 4025 quidem,
555 3945 656 4003 sed
684 3946 845 4003 brevi
874 3947 1047 4002 etiam
1074 3948 1488 4046 arescentibus,
1533 3946 1619 4004 cf.
1632 3948 1733 4019 37,
1763 3948 1822 4004 2.
1848 3947 1947 4005 35.
1970 3950 2074 4007 36.
2144 3949 2481 4010 Posteriora

225 4029 442 4089 'verba
492 4043 757 4119 Ἶξ-’Ἷξ
797 4026 1085 4130 nvn-5272}
1115 4032 1297 4109 aliqui
1342 4031 1428 4088 sic
1472 4034 1962 4108 interpretantur,
2029 4038 2197 4134 quasi
2243 4036 2477 4093 dicatur

265 4116 409 4174 hoc.
448 4115 711 4193 saginari
721 4094 946 4191 impios
979 4098 1145 4174 bonis
1171 4115 1342 4190 hujus
1370 4118 1546 4188 vitae,
1590 4135 1710 4175 non
1745 4127 1810 4174 ut
1842 4118 1985 4176 bene
2019 4121 2101 4176 eis
2133 4122 2234 4192 ait,
2270 4120 2372 4176 sed
2408 4127 2475 4177 ut

264 4207 625 4271 mactentur,
686 4209 747 4256 et
789 4197 1082 4258 fortunari
1131 4219 1362 4259 cursum
1410 4203 1723 4278 impietatis
1768 4204 2061 4279 ipsorum,
2121 4217 2184 4262 ut
2226 4207 2476 4277 majores

266 4299 477 4363 poenas
510 4282 624 4339 sibi
663 4294 976 4341 accersant.
1062 4283 1180 4344 Sed
1208 4285 1528 4361 praefixum
1568 4281 1608 4346 Β
1649 4306 1768 4345 ιιοιι
1800 4290 2111 4348 causaliter
2150 4292 2336 4367 accipi
2368 4308 2475 4347 ne·

265 4387 422 4428 cesse
473 4378 598 4445 est,
668 4385 870 4427 verum
924 4372 1332 4449 consequutive
1384 4369 1575 4431 aolum'
1630 4374 1884 4450 positum
1939 4386 2129 4454 potest
2185 4394 2343 4448 ease,
2412 4383 2483 4430 ut
