2747 4800
289 261 419 370 44
1180 270 1300 336 Ρε.
1360 261 1424 350 4,
1486 266 1551 332 5.
1604 263 1672 331 6.

313 453 472 511 tirus
515 449 807 508 interdum
847 468 966 509 non
1012 461 1131 509 tam
1170 450 1538 530 imperandi,
1584 468 1751 528 quam
1785 449 2141 508 concedendi
2177 459 2236 505 et
2272 450 2532 527 permit-
2567 508 2570 511 ,

314 537 481 593 tendi
520 537 639 594 vim
668 534 868 612 liabet3
939 537 1090 594 unde
1119 536 1221 609 fit,
1278 548 1343 593 ut
1387 538 1488 592 ille
1531 555 1948 613 nonnunquam
1990 535 2381 592 conditionem
2425 554 2534 592 ex·-

312 623 527 698 primat
560 662 578 692 ,
628 621 730 676 alii
769 621 1115 697 imperativo
1157 623 1564 696 praemissam,
1632 620 2104 697 quemadmodum
2145 618 2297 676 Eccl.
2340 622 2436 691 ll,
2464 620 2530 678 9.

313 704 544 761 luetur-e
572 703 853 780 juvenis,
908 737 984 748 ——
1033 714 1096 761 et
1134 707 1329 779 scito,
1390 708 1430 762 i.
1465 726 1512 762 e.
1565 708 1616 761 si
1660 707 1927 775 laeteris,
1979 715 2103 761 tum
2152 706 2322 760 scias.
2407 705 2536 761 Alii

311 791 770 864 interpretantur
805 801 871 847 ut
905 780 972 852 ἐν
1005 781 1110 851 διὰ
1149 785 1337 863 δυοῖν,
1385 791 1567 847 nolite
1608 789 1918 847 irascendo
1952 806 2233 867 peccare,
2272 787 2370 851 sed
2403 798 2542 853 tum,

312 877 566 951 positum
599 891 722 929 esse
752 874 1022 933 debehat·
1055 887 1286 965 'monn
1319 871 1622 937 ητῦἾ·’,-Ν.
1695 875 1926 951 Optime
1965 872 2285 930 Chaldaeus
2311 874 2531 949 aliique

311 954 803 1034 interpretantur:
865 941 1308 1018 contremiscite
1350 977 1431 1016 sc.
1480 979 1516 1015 a
1554 958 1698 1016 Deo.
1787 969 1891 1022 τιή
1937 958 2034 1015 hic
2074 968 2163 1013 est
2205 960 2244 1013 i.
2285 978 2339 1035 q.
2390 970 2522 1019 *mn

315 1046 576 1100 tremuit.
660 1040 762 1101 Sic
811 1046 957 1104 Gen.
1008 1044 1127 1117 45,
1166 1046 1267 1100 24.
1326 1044 1509 1101 nolite
1569 1052 1727 1100 metu
1789 1026 2102 1120 tFepidare
2143 1044 2222 1098 in
2283 1025 2525 1099 itinere.

309 1124 484 1184 Deut.
516 1130 576 1200 2,
611 1125 712 1184 25.
755 1131 1218 1187 contremiscant
1251 1138 1310 1186 et
1339 1137 1765 1208 expavescant.
1849 1127 2068 1186 Sensus
2106 1125 2526 1185 h.1.:1‘avete

310 1220 368 1269 et
411 1214 836 1271 contremiscite
873 1232 908 1269 a
949 1211 1075 1271 Deo
1126 1213 1207 1291 (si
1237 1232 1327 1269 me
1365 1232 1485 1270 non
1526 1208 1806 1288 timetis),
1850 1232 1923 1270 ne
1955 1213 2109 1269 ultra
2149 1213 2392 1286 peccetis
2429 1229 2524 1267 me

308 1305 713 1373 persequentes
747 1309 805 1354 et
833 1299 1107 1357 adversus
1134 1316 1225 1354 me
1254 1298 1619 1356 rebellantes.
1706 1294 1960 1359 02:22:
2006 1307 2174 1357 ἔιἾϊιᾶ
2206 1294 2414 1352 Dicite
2455 1295 2524 1351 in

312 1381 489 1437 corde
529 1390 763 1455 vestro,
809 1385 847 1440 i.
880 1404 928 1441 c.
959 1384 1110 1459 apud
1137 1401 1279 1455 vos,
1321 1401 1365 1441 s.
1395 1383 1547 1459 apud
1577 1372 1836 1439 animani
1853 1365 2150 1449 vestrurn‘3
2212 1380 2524 1456 expendite
2575 1368 2580 1381 ’

230 1479 237 1487 ·
308 1466 462 1543 apud
489 1484 630 1538 vos,
667 1482 748 1523 sc.
780 1468 919 1545 quid
952 1470 1160 1548 agatis.
1242 1466 1351 1525 Est
1388 1469 1541 1524 enim
1574 1468 1887 1542 cogitatio,
1929 1478 1996 1524 ut
2027 1462 2193 1524 Plato
2220 1461 2471 1522 delinit
2453 1481 2521 1522 ιιι

308 1547 609 1649 Sophista,
651 1551 1027 1717 colloquium,
1070 1551 1225 1628 quod
1248 1554 1488 1652 'animus
1521 1569 1712 1607 secum
1740 1549 1934 1652 habet,
1978 1552 2104 1607 sine
2139 1568 2302 1622 voce,
2340 1541 2520 1626 λόγος

822 1701 967 1735 νισι,

306 1805 573 1891 inquirit.
657 1806 808 1867 773‘77
841 1812 903 1860 et
942 1806 1134 1876 silete,
1173 1805 1609 1882 conquiescite;
1650 1811 1832 1862 tacete
1865 1816 1923 1861 et
1952 1814 2172 1862 cessate
2197 1824 2232 1860 a
2258 1805 2517 1861 scelestis

302 1878 517 1946 vestris
561 1869 969 1946 moliminibus.
1059 1899 1197 1949 πυῑτ
1235 1890 1442 1963 silere,
1500 1891 1829 1966 quiescere,
1888 1907 2161 1961 cessare,
2205 1888 2517 1946 desistere.

304 1971 380 2031 H.
407 1974 444 2030 1.
482 1975 870 2031 cessationem
907 1978 1125 2054 operis,
1165 1957 1242 2034 ἔα.
1276 1975 1608 2032 rebellionis
1636 1973 1986 2052 significat.
2034 1971 2198 2031 Alex.
2225 1973 2514 2050 posterius

304 2056 403 2115 Vs.
444 2059 757 2116 membrum
798 2062 1010 2119 vertit:
1068 2056 1110 2122 ἃ
1152 2056 1353 2142 λέγεται
1398 2059 1462 2118 ἐν
1503 2066 1636 2130 ταῖς
1672 2053 2017 2138 noepdo'aaec‘
1985 2062 2190 2131 υμῶν,
2236 2056 2334 2119 ἐπὶ
2379 2064 2516 2127 ταῖς

302 2145 534 2213 κοίταις
575 2138 740 2221 ὑμῶν
779 2138 1182 2225 antandron,
1240 2164 1386 2222 quae
1413 2145 1702 2223 Vulgatus
1740 2145 1958 2203 reddit:
2008 2162 2156 2222 quae
2201 2143 2411 2200 dicitis
2447 2142 2513 2197 in

304 2227 582 2286 cordibus
621 2229 868 2302 vestris,
911 2231 973 2286 in
1017 2230 1303 2290 cubilibus
1346 2231 1564 2286 vestris
1607 2230 2102 2306 compungimini,⁶
2148 2229 2312 2306 quasi
2341 2226 2513 2283 Alex.

305 2323 441 2374 ὅπῃ-ι
482 2312 873 2371 exscissionis
916 2316 1378 2395 significatione,
1424 2331 1537 2391 qua
1571 2316 1633 2370 in
1660 2312 1869 2388 Niplml
1912 2312 2159 2392 gaudet,
2210 2313 2514 2388 acceperit,

304 2416 476 2475 quam
501 2397 669 2476 Vulg.
699 2400 1121 2478 compungendi
1146 2400 1324 2459 verbo
1356 2402 1659 2476 expressit,
1688 2397 1838 2474 quod
1868 2400 2236 2477 compunctio
2266 2417 2309 2454 s.
2345 2396 2513 2455 dolor

304 2485 384 2539 sit
413 2482 692 2559 quaedam
721 2484 911 2541 cordis
939 2486 1161 2544 scissio.
1222 2485 1337 2541 Sed
1368 2488 1540 2544 Alex.
1574 2494 1708 2543 nm
1739 2483 1954 2558 eadem,
1991 2502 2104 2560 qua
2134 2503 2264 2556 nos,
2296 2480 2514 2540 silendi

303 2569 547 2628 notione
592 2565 825 2625 videtur
867 2573 1171 2646 accepisse.
1270 2568 1629 2645 Hesychius·
1686 2561 2084 2649 καταιύγητε,
2139 2560 2512 2666 ἢσυχάσατε·

301 2641 657 2749 λυπῆθητε,
702 2672 847 2729 quae
874 2656 1070 2754 glossa
1099 2655 1252 2713 haud
1285 2655 1454 2711 dubie
1482 2653 1554 2709 ad
1583 2652 1638 2709 h.
1668 2654 1703 2708 1.
1739 2656 2011 2729 pertinet.
2093 2654 2282 2713 ldem:
2324 2646 2513 2713 κατά-

224 2737 503 2812 νυξις·
574 2732 788 2819 ἡσυχία
841 2732 887 2818 ἢ
939 2735 1122 2820 λύπη.
1210 2737 1423 2798 Suidas
1474 2755 1735 2838 quoque:
1792 2737 2138 2817 ‚curm-vy&-
2207 2734 2343 2800 ἆιτὶ
2401 2733 2514 2799 τοῦ

302 2845 532 2886 camum.
614 2824 766 2882 Nam
822 2843 857 2881 ιι
906 2828 1091 2901 prima
1132 2825 1295 2883 verbi
1337 2813 1792 2898 κατανῦσσομαι
1835 2824 2299 2902 significatione,
2355 2842 2514 2880 com-

288 2928 538 2989 pungor·
578 2907 812 2983 dolore,
852 2909 1037 2967 facilis
1069 2920 1193 2969 erat
1226 2911 1514 2966 transitus
1547 2908 1620 2964 ad
1654 2916 1998 2986 cognatam,
2044 2928 2204 2986 prae
2245 2925 2515 2967 moerore

302 2994 500 3052 silere.
584 2994 806 3070 Syrus:
851 2994 1035 3052 dicite
1075 2996 1135 3052 in
1178 2992 1458 3051 cordibus
1498 2994 1725 3050 vestris
1762 3003 1825 3049 et
1869 3011 2051 3072 super
2096 2993 2375 3051 cubilibus
2409 3011 2512 3049 ve-

302 3080 453 3136 stris
480 3079 866 3152 meditamini,
902 3099 971 3136 ac
1000 3083 1053 3137 si
1082 3082 1144 3136 in
1174 3078 1439 3137 Hebraeo
1465 3079 1703 3156 legisset
1730 3073 1835 3171 ὲξι
1854 3119 1874 3150 ,
1912 3076 2066 3156 quod
2099 3080 2284 3154 ipsum
2309 3085 2510 3135 exstat

301 3164 365 3221 in
399 3163 540 3222 cod.
575 3163 803 3221 Erfurt.
831 3165 1101 3228 secundo.
1183 3163 1301 3223 Sed
1342 3165 1409 3221 in
1449 3159 1591 3240 Syri
1632 3160 1772 3220 cod.
1812 3174 1949 3224 ante
1988 3166 2105 3225 '172'7
2144 3163 2439 3236 particula
2481 3175 2509 3224 ἰ

301 3246 550 3307 defuisse
579 3248 833 3308 videtur.
892 3247 974 3306 Ut
1005 3241 1186 3306 totius
1223 3247 1321 3311 Vs.
1354 3266 1588 3305 sensum
1619 3248 2036 3323 exprimamus.
2069 3258 2266 3306 monet
2292 3247 2510 3319 hostes,

299 3342 370 3390 ut
394 3331 703 3409 aliquando
723 3332 952 3391 tandem
973 3344 1128 3392 metu
1144 3335 1329 3394 divini
1350 3333 1606 3394 numinis
1633 3350 1669 3389 a
1692 3332 1973 3392 maleficio
1999 3351 2122 3390 sese
2142 3335 2510 3402 contineant,

299 3435 446 3474 neve
477 3419 671 3475 animo
703 3418 1011 3494 praecipiti
1038 3427 1098 3476 et
1129 3418 1470 3495 perturbato
1502 3417 1808 3493 quicquam
1845 3429 2084 3496 gerant,
2138 3416 2238 3474 sed
2266 3419 2508 3474 silentio

300 3504 530 3575 noctis,
572 3521 700 3559 cum
728 3520 888 3560 mens
921 3502 1184 3560 omuibus
1224 3504 1382 3559 euris
1423 3518 1607 3559 vacua
1648 3511 1772 3576 est,
1830 3503 2145 3583 diligenter
2176 3503 2507 3578 exquirant,

301 3596 363 3644 et
404 3605 535 3644 cum
568 3588 779 3645 animis
815 3587 936 3644 suis
967 3588 1353 3661 considerent,
1395 3585 1536 3664 quid
1566 3544 1772 3644 verum⁹
1800 3581 1860 3645 et
1886 3590 2044 3645 ratio
2074 3588 2406 3665 praecipiat.

406 3677 419 3704 1

472 3757 534 3814 6.
599 3753 838 3833 Offerre
885 3755 1204 3829 sacrificiu
1240 3767 1436 3836 recta,
1473 3781 1548 3820 ac
1576 3758 1873 3834 fiduciam
1916 3766 2179 3814 vestrum
2222 3754 2509 3815 collocate

300 3843 363 3900 in
391 3839 637 3901 Jelzova.
696 3842 1027 3917 Alloquitur
1056 3839 1258 3900 hostes
1287 3862 1443 3923 suos,
1478 3866 1688 3922 eosque
1719 3842 2009 3913 hortatur,
2043 3849 2110 3898 ut
2141 3842 2507 3916 resipiscant,

300 3937 359 3986 et
388 3938 620 4003 peccata
650 3944 757 3980 sua
785 3928 1035 4000 expient.
1081 3930 1151 3994 Q.
1178 3927 1231 3984 d.
1261 3928 1313 3986 Ο
1346 3929 1668 4007 conjurati!
1714 3937 2006 4006 peccatum
2036 3937 2291 3983 vestrum
2316 3944 2507 4004 agno-

299 4014 483 4084 scite,
546 4018 606 4067 et
648 4011 717 4066 in
751 4012 907 4066 illius
944 4013 1332 4087 expiationem
1380 4017 1582 4076 offerte
1621 4013 1968 4073 sacrificium
2003 4009 2128 4068 Deo
2168 4021 2226 4067 et
2257 4020 2506 4086 sperate,

298 4111 406 4156 vos
454 4103 865 4152 consecuturos
915 4098 1160 4153 veniam.
1246 4113 1379 4188 pff&
1425 4115 1574 4181 7172?
1620 4096 1938 4170 sacrificia
1973 4093 2301 4166 justitiae,
2346 4096 2508 4167 justa

300 4188 440 4239 sunt
472 4198 558 4250 ea,
589 4195 734 4254 quae
755 4182 916 4253 justo
947 4198 1014 4237 ac
1043 4182 1158 4262 legi
1187 4205 1337 4243 com
1340 4184 1565 4244 enient‘e
1591 4185 1761 4242 modo
1791 4180 2138 4254 offeruntur,
2178 4190 2246 4238 ut
2274 4182 2374 4253 51,
2397 4182 2505 4236 21.

299 4265 499 4341 Neque
530 4275 722 4321 tamen
757 4265 1112 4341 repudianda
1140 4279 1230 4326 est
1266 4290 1467 4328 eorum
1509 4271 1830 4337 sententia,
1887 4266 1989 4341 qui
2033 4263 2174 4322 haec
2210 4268 2388 4323 verba
2429 4266 2507 4323 ad

301 4368 401 4409 eos
432 4347 726 4422 referant,
783 4352 885 4428 qui
921 4369 961 4408 a
993 4348 1255 4416 Davidis
1285 4351 1574 4437 partibus
1615 4364 1840 4424 essent,
1890 4348 2002 4408 hoc
2032 4367 2236 4409 sensu:
2282 4351 2508 4431 exigite
