2747 4800
856 276 976 343 Pa.
1030 273 1141 358 15,
1184 272 1248 341 5.
1334 274 1461 342 Pe.
1505 268 1618 338 16.
1702 333 1707 342 ,
1996 248 2009 260 .
2247 270 2345 344 95

332 461 385 519 ὃ.
459 458 629 550 'tysim
673 454 927 549 *mu-tib
970 459 1131 518 ‘leoz
1175 454 1301 527 Qus·
1335 463 1654 536 argentum
1694 473 1864 516 suum
1902 473 2020 516 non
2052 457 2184 531 dat,
2229 477 2351 520 non

184 550 389 622 exposit
428 548 508 605 ad
517 524 783 618 funus.
869 522 1135 602 Usuraiu
1162 560 1199 599 a
1244 543 1514 618 populari
1559 544 1824 623 exigere,
1875 546 2006 622 lege
2047 544 2349 621 probibuit

182 630 374 704 nona,
421 632 528 690 Ex.
556 633 673 703 22,
703 631 806 688 24.
849 629 982 688 Lev.
1014 626 1120 698 25,
1143 628 1247 685 36.
1295 627 1436 684 0011.
1467 625 1643 684 nent.
1671 629 1788 697 22,
1826 611 1926 685 ιό.
1952 630 2052 686 2ο.
2098 628 2208 687 Ez.
2228 631 2347 702 18,

184 718 329 773 8.13.
382 715 610 775 Foenus
639 726 828 772 sutem
859 733 896 770 a
921 711 1235 770 mordendo
1268 723 1391 796 *ιω
1419 711 1656 784 dicitur,
1694 714 1850 790 quod
1879 723 2028 772 tecte
2053 712 2351 773 hominem

183 801 408 874 mordet,
461 802 622 859 rodit
675 809 736 856 et
785 799 1021 857 conficit
1071 816 1165 854 res
1221 790 1523 864 usuraria3
1597 800 1756 856 sive
1774 798 1930 873 quod
1983 799 2059 857 ad
2110 817 2350 857 usuram

182 885 299 941 dans
338 907 402 947 eo
446 895 616 961 pacto
659 883 790 956 dat,
838 894 905 940 ut
949 882 1171 958 aliquid
1214 883 1284 938 de
1328 880 1497 939 bonis
1535 883 1691 955 ejus,
1751 884 1848 940 cui
1892 880 2027 955 dat,
2071 894 2352 981 tanquam

181 987 343 1030 norsu
386 971 631 1029 auferat.
713 964 866 1066 np'v
912 963 997 1030 &2²2
1055 979 1216 1053 pn·
1235 961 1313 1044 ἒξ
1355 961 1532 1029 ''mit-²7
1585 964 1802 1024 Munus
1844 965 2130 1026 adverom
2174 969 2350 1025 inno-

183 1064 369 1113 eentes·
405 1053 621 1112 nnllam
659 1053 933 1131 accipit,
1001 1052 1040 1108 i.
1088 1070 1138 1107 e.
1193 1069 1312 1108 non
1358 1035 1529 1109 sinit
1543 1070 1607 1110 se
1650 1054 1895 1132 pecunia
1936 1061 2042 1109 aut
2091 1053 2352 1112 mercede

183 1143 455 1218 eorrumpi,
484 1142 538 1197 si
559 1138 739 1214 judex
769 1137 983 1208 sedeat,
1010 1144 1079 1192 ut
1106 1137 1471 1193 innocentem
1502 1137 1857 1194 condemnet.
1908 1135 1994 1194 cf.
2027 1137 2140 1195 Ex.
2168 1139 2272 1208 23,
2291 1138 2352 1194 6.

181 1220 320 1282 Dent.
366 1225 627 1297 16,19.
712 1222 1101 1300 subjungitur
1151 1217 1532 1295 epiphonema
1583 1231 1642 1278 et
1687 1223 1982 1279 conclusio
2020 1220 2351 1280 carminis:

192 1321 259 1370 m
290 1313 422 1389 my}
454 1307 581 1379 Qua·
605 1305 788 1380 facit
822 1304 1006 1378 haec,
1045 1303 1136 1362 his
1167 1304 1340 1362 rebus
1369 1307 1473 1382 qui
1500 1304 1822 1378 studuerit,
1868 1324 1981 1370 nou
2025 1306 2353 1365 movebitur
2463 1287 2469 1300 ’

180 1411 427 1471 usqum,
477 1396 520 1451 i.
549 1413 600 1451 e.
644 1392 857 1471 dignus
895 1401 1020 1463 est,
1063 1392 1164 1466 qui
1191 1406 1412 1466 semper
1450 1401 1639 1447 tecum
1670 1390 2025 1462 diversetur,
2084 1401 2255 1468 atque
2287 1394 2371 1449 in-

184 1479 318 1537 domo
354 1482 464 1537 tibi
495 1485 729 1534 sacrata
758 1485 1166 1533 commovetur.
1253 1470 1428 1532 Sive.
1469 1493 1591 1531 non
1622 1475 1877 1546 labetur,
1928 1493 2048 1532 non
2081 1492 2353 1553 praeceps

180 1575 312 1638 ruet,
348 1564 448 1623 sed
483 1561 697 1634 stabit,
741 1558 871 1618 Deo
906 1578 1036 1617 eum
1070 1560 1383 1633 adjuvante
1424 1570 1484 1644 et
1521 1559 1875 1617 continente.

1107 1743 1227 1808 Ps.
1291 1746 1391 1807 16.

312 1862 572 1923 Davides
619 1865 683 1922 in
730 1873 988 1922 extremo
1032 1861 1367 1920 discrimine
1414 1882 1486 1920 ac
1539 1861 1914 1924 dimicatione
1971 1864 2242 1924 fortunae
2297 1876 2359 1925 et

180 1947 305 2006 vitae
341 1951 612 2008 ardentes
657 1948 730 2005 ad
788 1946 993 2006 Jovam
1034 1965 1228 2034 preces
1275 1945 1505 2017 fundit,
1571 1949 1715 2005 velit
1763 1950 1950 2024 ipsum
1993 1967 2358 2023 conservare,

181 2035 579 2110 periculumque
621 2035 692 2091 ab
735 2035 925 2114 ipsius
969 2023 1156 2108 capite
1200 2032 1574 2106 propulsare3
1648 2032 1856 2107 quibus
1900 2035 2359 2093 consolationem
2396 2029 2403 2034 ’

179 2119 379 2190 miscet,
421 2136 456 2175 a
492 2118 745 2189 fiducia,
785 2135 955 2194 quam
989 2118 1052 2173 in
1084 2108 1234 2173 Jova
1261 2123 1479 2188 ponat,
1518 2116 1795 2191 petitam,
1849 2120 2079 2191 prolixe
2112 2128 2358 2176 testatus

181 2199 236 2256 de
272 2222 365 2274 eo,
421 2201 584 2303 quod
625 2205 813 2259 solum
854 2220 982 2258 eum
1022 2219 1223 2258 verum
1265 2197 1454 2256 Deum
1500 2201 1684 2271 colat,
1740 2201 2037 2278 ipsumque
2070 2214 2128 2260 et
2156 2223 2361 2263 verum

182 2288 359 2344 cultum
396 2289 520 2361 ejus
568 2305 854 2344 summum
884 2287 1097 2343 bonum
1124 2303 1246 2342 esse
1276 2291 1532 2356 statuat;
1588 2295 1712 2341 tum
1755 2287 1827 2343 ab
1877 2289 2036 2344 omni
2078 2287 2360 2347 falsorum

181 2368 384 2429 deorum
430 2374 599 2430 cultu
642 2390 704 2430 se
749 2369 1058 2430 abhorrere
1100 2368 1441 2447 profitetur,
1502 2371 1727 2448 sibique
1774 2374 2139 2453 gratulatur,
2202 2371 2362 2449 quod

181 2452 323 2513 lurae
351 2457 633 2516 beneficio
664 2477 697 2515 e
728 2457 939 2534 populo
967 2457 1088 2530 ejus
1116 2457 1214 2513 sit.
1276 2452 1411 2512 Non
1441 2451 1668 2513 dubitat
1696 2470 1885 2515 autem
1916 2457 2065 2515 hac
2048 2476 2112 2515 ιιι
2142 2456 2361 2516 fiducia

182 2558 228 2598 se
259 2542 556 2615 exaudiri,
619 2553 678 2600 et
719 2549 1123 2600 conservatum
1159 2540 1274 2612 iri3
1334 2556 1475 2613 qua
1482 2558 1582 2616 spe
1615 2552 1870 2615 erectus,
1912 2552 2188 2620 tanquam
2226 2560 2363 2618 per-

181 2622 373 2684 functus
401 2628 683 2703 periculis
714 2634 897 2698 esset,
941 2625 1194 2683 divinam
1225 2623 1675 2699 benignitatem,
1718 2644 1864 2703 quae
1896 2627 2067 2685 beata
2096 2626 2203 2684 hac
2236 2628 2363 2685 vita

178 2710 383 2769 ulterius
414 2730 551 2770 eum
582 2710 699 2768 frui
731 2712 908 2782 sinat,
946 2701 1102 2767 laeto
1137 2711 1331 2767 animo
1364 2709 1645 2784 celebrat;
1687 2711 1840 2788 quod
1875 2711 2011 2769 huic
2039 2720 2241 2790 poetae
2271 2710 2387 2769 est'

180 2790 442 2853 familiare.
486 2826 577 2840 —
620 2794 786 2854 Nihil
815 2803 900 2851 est
930 2795 991 2851 in
1021 2793 1132 2852 hoc
1163 2794 1256 2852 Ps.
1273 2835 1293 2867 ,
1339 2793 1494 2873 quod
1534 2813 1643 2852 nos
1678 2806 1911 2855 moveat
1953 2806 2020 2855 ut
2059 2795 2228 2854 fidem
2261 2794 2363 2853 de-

182 2893 414 2958 negemus
452 2880 862 2959 inscriptioni,
908 2877 1127 2938 Davidi
1161 2881 1324 2937 illum
1364 2881 1593 2936 auctori
1625 2881 1948 2938 tribuenti.
2012 2878 2255 2937 Videtur
2289 2881 2364 2939 ab

184 2978 234 3017 eo
256 2968 598 3041 compositus
629 2976 747 3022 turn
767 3004 786 3034 ,
834 2981 966 3020 cum
995 2959 1247 3021 Jonatha
1277 2965 1493 3020 certior
1520 2962 1705 3021 factus
1733 2965 1801 3022 de
1828 2965 2178 3042 implacabili
2210 2961 2364 3021 Sau-

182 3042 238 3102 lis
264 3051 423 3121 odio,
465 3051 542 3109 ad
584 3046 966 3105 philisthaeos
1000 3048 1318 3107 Gathenses
1353 3045 1664 3126 confugere
1693 3051 1782 3108 bis
1816 3046 2045 3107 necesse
2083 3050 2137 3105 ei
2172 3047 2365 3105 fuerat

182 3129 387 3203 (lSam.
420 3135 529 3208 21,
572 3135 643 3193 11
665 3132 866 3191 -·16.
913 3143 971 3190 et
1001 3132 1136 3210 Cap.
1173 3134 1272 3190 27.
1302 3129 1486 3209 sqq.),
1545 3133 1643 3189 ubi
1684 3151 1857 3210 quum
1893 3131 2031 3210 Cap.
2061 3133 2160 3189 29.
2192 3132 2363 3189 nobis

183 3215 388 3290 referat,
443 3227 751 3299 magnates
796 3216 1287 3275 Philistbaeorum
1327 3225 1649 3292 suspectam
1693 3216 1961 3275 habuisse
2003 3217 2250 3276 Davidis
2301 3217 2367 3273 in

185 3301 404 3375 ipsorum
434 3314 635 3380 partes
668 3302 871 3375 fidem,
929 3301 1099 3359 facile
1129 3304 1265 3360 licet
1294 3319 1553 3376 sumere,
1608 3300 1981 3360 diffidentiam
2016 3304 2189 3358 istam
2221 3302 2366 3359 reli-

186 3383 345 3463 gionis
375 3392 553 3445 etiam
588 3388 922 3446 discrimine
951 3386 1128 3445 fuisse
1159 3396 1408 3457 auctam,
1448 3388 1910 3465 postulatumque
1945 3405 1981 3443 a
2007 3385 2257 3459 Doride,
2296 3397 2367 3443 ut

186 3486 445 3531 sacrorum
487 3492 527 3529 a
568 3470 941 3529 Philisthaeis
982 3472 1401 3530 celebratorum
1445 3473 1742 3531 consortio
1780 3491 1902 3529 sese
1944 3480 2253 3551 purgaret,
2306 3478 2367 3528 et

187 3556 370 3614 sincere
403 3560 670 3631 ipsorum
711 3574 914 3614 causae
948 3575 1008 3612 se
1047 3557 1354 3614 accessisse
1386 3558 1803 3632 comprobaret.
1850 3589 1931 3598 —
1966 3560 2231 3626 Quatuor
2260 3573 2371 3631 po·

187 3643 494 3700 tectioribu-
541 3640 713 3716 hujus
752 3639 846 3699 Ps.
875 3640 1150 3699 Versibus
1187 3639 1397 3698 Petrus
1441 3637 1595 3719 (Act.
1625 3643 1698 3713 2,
1728 3644 1831 3703 25.
1859 3637 2010 3720 sqq.)
2055 3649 2113 3698 et
2154 3636 2368 3696 Paulus

192 3720 317 3797 (Act.
352 3727 447 3799 13,
473 3727 583 3783 34.
611 3722 768 3803 sqq)
808 3724 1001 3783 Jesum
1031 3724 1332 3799 Messium,
1376 3725 1445 3783 ab
1488 3724 1692 3782 inferis
1724 3728 2130 3796 excitandum,
2178 3741 2214 3779 a
2244 3722 2371 3781 Da-

190 3804 295 3866 nde
319 3811 725 3870 adumbratum
761 3808 1132 3869 crediderunt
1162 3811 1236 3888 ³⁸).
1303 3810 1564 3878 Quorum
1590 3813 1910 3870 auctoritas
1940 3810 2093 3889 apud
2121 3810 2369 3885 interpp.

299 4032 349 4096 ⁹)
387 4035 574 4101 Neque
607 4036 1031 4084 accommodasse
1062 4032 1180 4081 illos
1215 4033 1590 4099 tantummodo,
1627 4033 1738 4086 sive
1769 4033 2043 4084 deflexisse
2080 4032 2143 4081 ad
2173 4033 2369 4093 Jesum,

194 4110 295 4155 Ν
325 4118 478 4152 ausu
518 4119 644 4153 vero
679 4110 732 4155 et
769 4105 978 4166 proprio
1013 4103 1076 4151 de
1108 4103 1317 4151 Decide
1350 4105 1488 4153 dicta
1520 4106 1924 4167 existimassent,
1957 4110 2016 4152 ut
2049 4103 2186 4151 haud
2220 4101 2371 4163 pauci

197 4175 476 4221 madunt
530 4174 664 4234 (vid.
711 4176 1056 4225 Ecxmuuuu
1096 4173 1248 4222 theol.
1279 4174 1535 4240 Beitrir‘gc
1572 4177 1629 4225 Ρ.
1666 4180 1706 4229 1.
1749 4193 1800 4239 p.
1835 4178 1919 4225 98.
1957 4171 2125 4238 sqq.;)
2188 4184 2371 4220 verum

195 4244 609 4296 persuasissimum
642 4244 765 4305 ipsis
801 4247 980 4309 fuisse,
1016 4244 1273 4292 Palmum
1307 4247 1459 4293 unice
1496 4253 1555 4294 et
1589 4260 1711 4295 vers
1753 4248 1819 4296 ‹le
1863 4246 1995 4294 Ιεειι
2036 4257 2222 4305 agere,
2262 4255 2369 4289 ma·

197 4305 346 4360 tile-te
375 4318 521 4373 putet
559 4325 627 4363 ex
664 4315 982 4382 rationibus,
1023 4312 1207 4377 quibus
1245 4314 1493 4368 evincere
1526 4317 1765 4384 student,
1813 4315 1877 4366 de
1912 4313 2123 4364 David·
2160 4323 2369 4363 carmen

199 4380 687 4448 *mudu-
