2747 4800
844 247 965 362 Pa.
1004 293 1168 382 106,
1210 294 1328 359 48.
1437 298 1552 364 Pe.
1599 316 1763 384 107.
2258 290 2411 365 569

205 483 232 539 l
254 477 391 539 Chr.
426 479 527 550 16,
555 475 657 535 35.
699 479 764 537 in
801 497 870 538 eo
913 476 1180 550 Psalmo,
1237 498 1405 558 quem
1442 498 1543 557 per
1580 476 1867 553 Asapbum
1909 475 2164 536 Davides
2204 479 2412 538 fecisse

199 566 419 623 dicitur
459 563 675 622 Zionio
719 581 893 622 novo.
992 563 1109 624 Sed
1156 563 1390 622 videtur
1432 566 1485 621 ei
1530 564 1810 637 carmini,
1871 563 2023 638 quod
2071 566 2132 619 in
2184 563 2409 619 Par-ali·
2496 604 2502 610 .

201 646 506 725 pomeno‘a'n
527 649 697 719 ,libro
740 657 967 722 exstat,
1029 648 1142 708 hoc
1181 649 1636 711 additamentum
1674 667 1749 706 ex
1791 657 1993 705 nostro
2037 647 2266 705 Psalmo
2305 649 2411 706 ad-

197 747 393 793 sutum
435 752 579 792 esse.

372 855 475 913 48.
559 852 691 913 vid.
729 850 806 909 aa
846 852 954 924 41,
994 852 1092 908 14.

1152 1039 1198 1098 P
1214 1058 1263 1101 s.
1328 1041 1470 1100 107.

371 1156 503 1218 Hoc
532 1156 761 1215 Psalmo
794 1156 1049 1234 quinque
1075 1158 1319 1231 produci
1348 1160 1560 1216 classes
1590 1159 1845 1229 illorum,
1887 1156 1988 1232 qui
2021 1176 2097 1214 ex
2124 1159 2413 1237 angustiis

202 1255 264 1304 et
290 1244 564 1321 periculis
591 1242 821 1300 liberati
847 1242 923 1300 ad
955 1245 1176 1319 gratias
1205 1240 1333 1301 Deo
1365 1244 1618 1322 agendas
1653 1242 1910 1300 devincti
1944 1242 2088 1313 sint,
2127 1251 2186 1298 et
2212 1243 2425 1320 primo-

146 1360 155 1377 »
203 1331 458 1408 quidem,
499 1328 620 1404 qui,
662 1338 964 1402 postquam
998 1327 1229 1385 sedibus
1264 1330 1387 1385 suis
1418 1329 1647 1405 expulsi
1676 1344 1954 1384 summam
1987 1327 2100 1383 cibi
2130 1336 2415 1404 potusque

205 1414 509 1492 penuriam
566 1412 722 1487 passi
773 1421 1002 1485 essent,
1060 1414 1321 1470 restituti
1367 1415 1492 1470 sint
1536 1431 1573 1469 a
1621 1411 1750 1470 Deo
1796 1413 1860 1467 in
1903 1430 2026 1467 rem
2069 1411 2418 1468 familiarem

206 1498 337 1575 (Vs.
364 1499 405 1553 2
429 1529 493 1539 -—
517 1497 642 1571 9.);
685 1496 960 1567 secunda,
1003 1500 1105 1573 qui
1135 1516 1209 1555 ex
1236 1515 1467 1554 carcere
1497 1509 1555 1555 et
1589 1497 1836 1553 vinculis
1867 1496 1929 1551 in
1963 1495 2293 1552 libertatem
2312 1514 2418 1563 ,as-

157 1600 160 1603 “
203 1584 359 1643 serti
389 1583 594 1656 (10-
617 1577 764 1655 16.),
797 1583 1006 1652 tertio,
1038 1583 1139 1657 qui
1164 1600 1238 1638 ex
1265 1582 1466 1639 morbo
1493 1583 1765 1661 graviore
1796 1580 2024 1636 liberati
2053 1579 2418 1656 (vl—22),

208 1676 452 1746 quarto,
489 1668 591 1743 qui
620 1685 692 1723 ex
724 1667 961 1731 immani
989 1667 1240 1742 procella
1270 1668 1417 1724 salvi
1446 1668 1506 1723 in
1538 1677 1766 1742 portum
1794 1664 2024 1721 deducti
2049 1663 2420 1741 (za—329,

206 1754 417 1830 quibus
447 1751 694 1828 denique
731 1750 1106 1830 subjungitur
1135 1752 1329 1831 imago
1364 1760 1588 1822 terrae,
1630 1768 1810 1827 quae,
1857 1755 2164 1826 postquam
2189 1759 2423 1807 vastata
2486 1750 2503 1775 Χ

209 1839 439 1914 penitus
472 1836 793 1910 incolisque
822 1836 1025 1892 orbata
1052 1845 1238 1907 esset,
1280 1836 1564 1912 receperit
1596 1853 1750 1894 nune
1782 1834 2018 1891 colonos
2047 1851 2206 1908 suos,
2252 1843 2423 1911 atque

209 1922 284 1980 ad
323 1922 632 1996 pristinam
667 1919 957 1976 culturam
993 1920 1424 1996 ubertatemque
1453 1921 1727 1992 redierit,
1778 1917 2147 1976 manifestum
2184 1927 2304 1989 est,
2360 1925 2422 1997 et

210 2006 470 2080 pluribus
517 2003 853 2079 jamdudum
904 2005 1314 2079 interpretibus
1366 2005 1759 2064 observatum.
1860 2002 2233 2080 Singularem
2283 2022 2425 2062 vero

209 2092 465 2168 partium
537 2092 769 2147 illarum
838 2090 1125 2165 rationem
1192 2098 1254 2146 et
1322 2088 1765 2165 dispositionem
1838 2088 2058 2163 primus
2126 2089 2421 2164 perspexit

211 2172 670 2234 Scnxuunssabs
711 2173 804 2251 (in
833 2171 1170 2249 Dissertatt.
1214 2193 1265 2250 p.
1297 2176 1443 2231 480.
1473 2169 1661 2250 sqq.)‚
1704 2173 1804 2250 qui
1839 2170 2138 2247 praeclare
2171 2173 2424 2244 monuit,

214 2278 360 2336 quae
393 2260 610 2334 primae
638 2257 911 2334 strophae
945 2261 1389 2333 praemittitur,
1426 2257 1733 2316 formulam
1771 2245 1876 2320 '727
1924 2258 2124 2332 Ἠλῖ-Ψ
2171 2256 2315 2334 (vid.
2349 2256 2425 2313 ad

214 2343 312 2402 Vs.
346 2342 434 2421 2.)
472 2345 648 2400 etiam
680 2343 751 2400 ad
780 2354 897 2399 tres
933 2344 1183 2422 reliquas
1211 2362 1390 2421 aeque
1418 2344 1726 2420 pertinere,
1764 2351 1938 2420 atque
1967 2335 2047 2397 ad'
2077 2338 2172 2398 Vs.
2205 2343 2299 2397 10.
2330 2343 2423 2400 17.

213 2441 274 2487 et
318 2430 420 2490 23.
473 2446 596 2487 esse
645 2425 1046 2503 repetendam.'
1120 2429 1438 2502 ,‚Etenim,
1496 2447 1643 2505 quae
1691 2430 1931 2504 primam
1975 2426 2426 2503 subsequuntur,

213 2513 519 2591 strophae,
563 2512 637 2569 ad
664 2515 785 2586 ejus
814 2515 1133 2588 exemplum
1161 2517 1247 2571 ita
1279 2525 1417 2572 sunt
1447 2514 1676 2589 penitus
1708 2512 2137 2585 conformatae,
2186 2520 2254 2568 ut
2288 2530 2427 2588 par-

195 2600 372 2656 =tibus
403 2599 526 2655 suis
559 2599 807 2675 singulis
839 2596 1141 2655 manifesto
1168 2600 1258 2655 illi
1283 2597 1686 2674 respondeant.
1757 2598 1947 2655 Primo
1984 2605 2206 2653 eertum
2239 2593 2422 2674 genus

215 2682 515 2741 hominum
571 2681 953 2756 producitur,
1022 2682 1224 2740 deinde
1279 2684 1594 2758 exponitur
1660 2682 2005 2739 calamitatis
2059 2680 2425 2760 magnitudo,

219 2770 479 2850 sequitur
517 2768 725 2825 auxilii
760 2765 968 2837 divini,
1009 2768 1241 2842 ejusque
1272 2768 1536 2841 precibus
1569 2764 1892 2847 efflagitati,
1936 2766 2427 2836 commemoratio,

223 2865 280 2909 et
313 2853 385 2909 ad
416 2844 644 2930 gratias⁸
667 2849 792 2907 Deo
823 2851 1173 2929 peragendes
1206 2850 1536 2908 exhortatio
1566 2850 1955 2930 subjungitur.
2011 2848 2222 2924 Igitur,
2251 2867 2426 2922 quum

218 2940 388 3013 plane
427 2937 623 2993 eadem
665 2945 938 3010 appareat
978 2935 1345 3011 stropharum
1384 2936 1641 2991 omnium
1679 2935 1854 2992 facies
1887 2942 1942 2987 et
1973 2932 2189 3005 forma,
2249 2934 2435 3004 intel-

220 3021 458 3099 ligitur,
519 3018 672 3096 quod
717 3018 1000 3095 praecedit
1030 3021 1267 3078 verbum
1308 3032 1504 3081 7572&
1548 3038 1671 3077 non
1709 3021 1814 3077 uni
1856 3018 2073 3094 primae
2106 3015 2332 3091 privum
2371 3027 2429 3073 et

220 3108 544 3182 peculiare,
613 3102 713 3160 sed
755 3105 994 3179 reliquis
1043 3107 1218 3162 etiam
1269 3123 1569 3162 commune
1616 3123 1739 3161 csse
1786 3102 2009 3159 debere.
2099 3100 2430 3175 Praeterea,

222 3192 340 3247 nisi
368 3199 664 3266 repetatur
695 3187 944 3245 formula
973 3186 1132 3261 baec,
1173 3188 1431 3260 verbum,
1463 3208 1575 3265 quo
1609 3187 1901 3266 commode
1931 3181 2276 3256 referantur,
2310 3203 2432 3243 non

115 3291 124 3295 ·
219 3272 435 3332 habent
474 3275 709 3330 nomina
752 3279 898 3359 71:21¹!
943 3282 1090 3334 ’ξιτψ
1138 3272 1233 3330 Vs.
1270 3276 1382 3346 lo,
1431 3270 1611 3337 0³37&
1658 3270 1753 3328 Vs.
1785 3271 1926 3328 17.“
2011 3272 2429 3347 Argumentum

225 3358 500 3415 carminis
540 3359 693 3434 quod
725 3360 954 3429 attinet,
996 3360 1250 3434 plerique
1278 3367 1566 3430 statuunt,
1597 3360 1894 3416 continere
1923 3357 2065 3412 illud
2102 3357 2429 3431 generalem

227 3443 775 3500 commendationem
830 3442 1228 3518 providentiae
1280 3454 1452 3519 atque
1495 3444 1875 3521 benignitatis
1931 3439 2199 3511 divinae,
2264 3457 2435 3514 quam

227 3538 400 3600 poeta
431 3528 703 3603 exemplis
736 3526 1074 3602 quibusdam
1106 3528 1476 3600 demonstret,
1507 3548 1580 3587 ex
1611 3526 1819 3604 quibus
1846 3526 2163 3603 singularis
2196 3526 2297 3581 illa
2322 3524 2434 3582 Dei

229 3610 596 3689 benignitas,
654 3614 910 3689 potentia
958 3619 1019 3668 et
1060 3614 1346 3688 sapientia
1392 3616 1454 3670 in
1495 3614 1914 3692 gubernatione
1961 3610 2128 3683 hujus
2175 3610 2434 3666 universi

231 3698 506 3773 cognosci
553 3700 751 3771 possit.
836 3695 1150 3754 verissime
1187 3709 1383 3754 tamen
1427 3700 1756 3759 observavit
1798 3694 2227 3765 schum-retus,
2284 3692 2439 3750 hunc

230 3782 419 3837 locum
456 3782 509 3836 si
538 3791 788 3839 tractare
819 3782 881 3837 in
918 3782 1111 3839 animo
1151 3783 1446 3841 habuisset
1480 3796 1682 3860 poeta,
1746 3793 1810 3838 ut
1844 3780 2141 3856 providam
2169 3778 2441 3836 Numinis

231 3882 453 3936 curam,
489 3883 635 3943 quae
664 3884 860 3923 omnes
892 3870 1080 3923 omnis
1116 3870 1344 3948 generis
1375 3868 1635 3926 homiues
1665 3867 2101 3941 complectatur,
2131 3864 2443 3920 celebraret

236 3950 808 4027 commendarctque,
880 3953 1067 4009 multo
1113 3953 1569 4011 aliter-scenam
1618 3957 2074 4019 instructurum,
2145 3958 2316 4024 atque
2369 3966 2443 4005 ex

235 4034 502 4103 infinita,
556 4053 701 4110 quae
751 4046 982 4110 praesto
1033 4046 1193 4109 erat,
1255 4037 1629 4097 multitudine
1676 4036 2064 4110 exemplorum
2109 4036 2275 4112 copia
2321 4032 2445 4089 alia

235 4117 630 4176 adhibiturum
663 4119 864 4202 fuisse,
903 4138 1051 4196 quae
1079 4121 1153 4179 ad
1180 4139 1299 4192 eoa,
1340 4123 1546 4198 quibus
1580 4126 1839 4201 proxime
1866 4118 2171 4191 scribebat,
2211 4118 2446 4195 propius

235 4204 618 4279 pertinerent,
657 4214 832 4283 atque
860 4203 935 4262 ad
962 4207 1187 4264 animos
1216 4205 1415 4264 eorum
1443 4208 1755 4266 movendos
1786 4205 2089 4261 certiorem
2131 4206 2254 4261 vim
2280 4201 2448 4260 habi-

239 4298 375 4345 tura
417 4300 646 4362 essent,
705 4309 874 4368 quam
924 4308 973 4347 e.
1015 4309 1064 4348 c.
1105 4289 1227 4349 fata
1268 4293 1675 4370 navigantium
1720 4287 1848 4368 (vn.
1888 4286 2239 4366 23—32.).
2324 4283 2449 4368 ’,δί

238 4389 376 4429 vero
429 4375 672 4448 primam
720 4376 994 4436 carminis
1053 4387 1279 4455 partem
1336 4378 1582 4435 seorsim
1636 4373 1986 4454 spectaretis
2042 4366 2217 4451 (utor
2255 4369 2448 4429 verbi·

749 4528 785 4549 N
