2747 4800
352 82 394 108 N

364 297 535 377 242
948 267 959 274 ’
1220 305 1362 410 ΑΡ...
1411 299 1531 388 36,
1596 320 1660 430 ¹⁹.
1701 324 1764 369 2.

387 491 579 548 sinam
607 485 752 546 mels
783 486 975 548 verbis
1004 505 1246 566 meoque
1280 488 1520 547 nomine
1555 490 1778 569 gratias
1812 486 1924 547 tibi
1958 505 2170 569 agere,
2227 496 2286 546 et
2326 489 2612 549 celebrare
2673 489 2680 494 “

388 574 669 634 beneficia
694 582 828 649 tua3
873 574 1021 631 sed
1006 593 1128 649 ipse
1158 573 1339 631 etiam
1372 593 1410 631 a
1439 594 1531 631 me
1562 593 1797 650 meaque
1828 573 1939 633 hoc
1964 575 2291 669 praestabo.
2359 573 2447 632 De
2484 585 2616 663 πζΠ

390 660 514 720 vid.
547 663 603 736 1,
629 659 691 716 2.
762 653 1001 752 ἹτἸῚιιἼη
1033 645 1340 724 &wlff-²¹⁸2
1375 655 1556 718 Omni
1587 658 1685 717 dio
1712 658 1941 717 laudm
1977 668 2159 734 tuam,
2187 677 2264 717 sc.
2299 643 2614 720 celebrabo.

1376 845 1491 906 Ps.
1536 847 1638 905 36.

564 965 804 1027 Initium
836 960 1115 1022 carminis
1154 964 1421 1042 queritur
1459 964 1528 1023 de
1566 963 1826 1022 moribus
1858 974 1917 1023 et
1950 965 2076 1034 vita
2117 966 2461 1043 impiorum,
2515 971 2617 1045 qui

393 1062 519 1112 tum
549 1061 780 1129 poetam
814 1050 1180 1122 exercebant,
1223 1067 1472 1127 quorum
1501 1069 1690 1108 mores
1723 1050 1893 1123 tales,
1937 1061 1997 1107 et
2027 1053 2267 1130 ingenia
2296 1072 2420 1112 esse
2452 1056 2615 1127 talia,

386 1138 594 1217 ⁴qualia
620 1136 933 1206 describit,
980 1153 1111 1198 cum
1142 1136 1296 1193 malo
1326 1137 1602 1193 nimirum
1637 1154 1743 1193 suo
1773 1144 2080 1210 expertus,
2117 1148 2186 1195 ut
2212 1137 2481 1212 videtur,
2527 1141 2617 1197 di-

395 1224 634 1281 dicerat.
694 1217 913 1279 Turbis
942 1229 1133 1277 autem
1160 1222 1224 1277 in
1250 1222 1398 1293 vita,
1422 1239 1568 1297 quae
1598 1219 1668 1276 ab
1695 1219 1785 1278 his
1817 1223 2101 1296 existunt,
2131 1233 2191 1279 et
2216 1223 2371 1298 quod
2406 1227 2620 1282 tolerat
2690 1262 2699 1278 .

395 1326 497 1367 eos
527 1304 707 1377 Jova,
749 1314 808 1363 et
841 1305 1074 1380 impune
1108 1307 1367 1385 grassari
1402 1306 1581 1378 sinit,
1622 1304 1714 1362 his
1750 1306 1939 1384 igitur
1971 1323 2043 1362 ne
2074 1304 2462 1381 offendamur,
2509 1326 2617 1383 op·-

348 1415 351 1420 ·
397 1393 568 1470 ponit
604 1389 739 1448 inde
772 1405 809 1447 a
835 1387 934 1446 Vs.
966 1391 1022 1447 6.
1059 1389 1581 1448 considerationem
1609 1387 2043 1467 providentiae,
2076 1394 2402 1470 potentiae,
2437 1393 2618 1468 justi-

396 1479 537 1550 tiae,
580 1485 754 1553 atque
782 1474 1048 1533 veritatis
1078 1472 1213 1545 Dei,
1246 1471 1457 1552 quibus
1486 1476 1572 1532 sic
1599 1483 1812 1547 tamen,
1844 1478 2214 1553 quantumvis
2245 1478 2618 1536 turbantibus

396 1561 613 1639 impiis,
655 1558 933 1617 mundum
962 1559 1062 1616 ille
1096 1558 1272 1633 hunc,
1314 1571 1376 1617 et
1406 1577 1589 1639 genus
1623 1558 1969 1638 humanum,
2015 1570 2423 1640 creaturasque
2456 1581 2617 1638 suas,

398 1655 457 1705 et
502 1649 686 1703 vitam
728 1642 880 1701 hanc
920 1644 1517 1721 perturbatissimam,
1598 1645 2008 1703 administrare
2060 1657 2150 1704 et
2171 1648 2496 1727 gubernare
2557 1667 2617 1705 se

399 1729 677 1790 ostendit.
728 1727 889 1786 Hinc
918 1726 1104 1786 Deum
1134 1738 1327 1808 rogat,
1359 1739 1427 1786 ut
1452 1727 1562 1787 hac
1593 1747 1700 1786 sua
1730 1728 2094 1808 benignitate
2124 1750 2192 1789 ac
2218 1733 2619 1792 misericordia

397 1816 656 1875 cultores
689 1831 827 1870 suos
850 1813 1150 1896 dignetur,
1195 1825 1254 1871 et
1280 1814 1647 1873 commendat
1672 1815 1801 1891 pios
1835 1812 1963 1872 Deo
1999 1818 2059 1874 in
2095 1836 2359 1896 genere,
2371 1829 2427 1875 et
2459 1820 2619 1875 inter

393 1901 505 1958 hos
543 1918 604 1957 se
635 1899 811 1957 etiam
842 1917 910 1956 ac
931 1916 1094 1957 suam
1130 1917 1395 1973 causam,
1433 1899 1695 1976 petitque
1730 1917 1792 1957 se
1820 1903 2049 1981 protegi
2079 1903 2402 1960 adversus·
2385 1906 2618 1979 impios,

394 1984 608 2062 quibus
638 1994 697 2042 et
723 1983 822 2042 Vs.
856 1983 953 2047 13:
987 1986 1292 2043 interitum
1324 1996 1544 2044 certum
1573 1985 1873 2061 praedicit.
1925 2018 1998 2030 -
2046 1986 2280 2045 Similes
2311 1989 2620 2045 sunthuic

394 2069 627 2128 Psalmo
665 2068 1044 2127 duodecimus
1082 2080 1142 2128 et
1180 2069 1440 2129 decimus
1480 2079 1753 2148 quartus.
1838 2068 2038 2149 Neque
2078 2082 2266 2131 tamen
2307 2083 2619 2150 propterea

393 2152 553 2213 hunc
584 2155 705 2212 illis
737 2150 1067 2237 συγχρονόν
1101 2174 1228 2213 esse
1261 2165 1516 2214 statuere
1546 2172 1776 2213 necesse
1807 2166 1913 2213 est.

570 2257 627 2314 l.
708 2251 858 2346 ῚἸἾΞ
900 2255 1061 2350 mn}
1103 2253 1265 2349 Ἶζιιέ
1303 2253 1480 2316 Servi
1502 2253 1767 2327 Domini,
1810 2252 2089 2314 Davidis.
2164 2256 2621 2339 subjunguntur

396 2341 512 2400 sibi
538 2339 681 2399 haec
710 2321 949 2402 nomina
971 2362 1073 2420 pcr
1101 2321 1545 2421 appositionem,
1583 2351 1642 2399 et
1672 2337 1902 2420 quidem
1930 2343 2044 2415 ita,
2087 2352 2155 2402 ut
2181 2355 2315 2404 ante
2345 2342 2504 2409 *1:55
2535 2350 2621 2407 sit

393 2425 853 2486 subaudiendum
889 2431 1092 2491 'imm
1120 2427 1425 2503 Paulam,
1476 2426 1603 2492 *³125
1637 2427 1972 2502 canticum,
2034 2438 2136 2485 aut
2175 2430 2333 2488 aliud
2375 2434 2618 2507 aliquod

358 2531 474 2595 ‘ex
502 2512 599 2571 Ps.
629 2514 693 2587 4,
726 2515 782 2573 l.
822 2511 883 2587 5,
917 2517 968 2571 l.
1012 2494 1075 2589 ti,
1114 2518 1167 2575 1.
1203 2516 1264 2590 8,
1297 2521 1351 2576 l.
1380 2514 1644 2592 aliisque.
1706 2513 2015 2571 Ornatur·
1997 2532 2056 2571 ιιι
2089 2511 2198 2570 hac
2228 2515 2619 2589 inscriptione

358 2660 363 2664 ,
391 2596 671 2657 Davides
688 2599 971 2674 peculiari
1004 2602 1232 2678 elogio,
1278 2611 1349 2658 ut
1375 2618 1619 2673 servus,
1656 2600 1781 2656 sive
1813 2596 2008 2655 cultor
2041 2595 2231 2655 Jovae
2274 2603 2617 2678 appelletur,

393 2681 458 2741 id
495 2680 651 2760 quod
687 2682 756 2741 fit
787 2684 961 2742 etiam
992 2686 1056 2742 in
1090 2687 1266 2744 titulo
1306 2685 1408 2744 Pe.
1443 2686 1577 2758 18„
1625 2695 1684 2742 et
1715 2684 1777 2739 in
1809 2678 1900 2737 his
1934 2684 2162 2759 quidem
2193 2684 2414 2743 duobus
2447 2690 2620 2760 solis,

394 2778 462 2826 nt
518 2786 672 2825 unus
723 2777 782 2827 et
837 2767 988 2826 idem
1039 2771 1442 2847 inscriptionis
1489 2772 1794 2847 utriusque
1841 2779 2046 2825 auctor
2095 2768 2275 2828 fuisse
2323 2769 2618 2832 videatur.

393 2853 547 2913 Nam
588 2871 624 2910 a
661 2850 909 2912 Psalmis
953 2856 1094 2931 ipsis
1134 2874 1280 2934 quae
1315 2855 1635 2933 probabilis
1674 2870 1849 2911 causa
1885 2854 2198 2910 mentionis
2236 2856 2368 2912 talis
2411 2855 2621 2915 afferri

382 2940 596 3016 possit,
634 2957 754 2996 non
784 2935 973 2997 video.
1028 2937 1184 2998 Idem
1216 2941 1524 3022 dignitatis
1560 2958 1606 2997 s.
1637 2937 1878 2997 honoris
1910 2938 2118 2994 titulus
2147 2936 2300 2997 Mosi
2330 2941 2621 3002 tribuitur

383 3024 560 3089 Num.
597 3025 697 3098 12,
726 3027 786 3082 7.
830 3022 1007 3082 Deut.
1041 3025 1146 3098 34,
1182 3030 1238 3087 5.
1282 3025 1403 3084 Jos.
1445 3027 1503 3097 1,
1529 3025 1584 3081 l.

558 3127 619 3188 2.
685 3119 792 3206 Ἓξ
836 3133 1012 3216 3ἿΓΞ
1055 3121 1238 3216 »ιρῆξ
1275 3137 1471 3187 svm·
1490 3131 1605 3214 1333Ι
1639 3122 1796 3182 Haec
1825 3127 2004 3185 verba
2034 3144 2152 3185 ιιοιι
2185 3146 2305 3186 ιιιιο
2331 3127 2503 3185 modo
2542 3130 2619 3189 ab

386 3213 803 3291 interpretibus
841 3190 1238 3285 explicantur.
1311 3192 1502 3287 Atque
1534 3229 1741 3268 nomen
1779 3217 1891 3273 nm
1922 3214 2150 3288 quidem
2183 3212 2337 3289 quod
2370 3215 2618 3283 attinet,

386 3299 547 3379 quod
575 3300 705 3375 plus
741 3296 958 3353 centies
993 3298 1057 3352 in
1087 3293 1154 3352 V.
1182 3294 1257 3357 T.
1295 3304 1524 3368 exstat,
1581 3314 1803 3372 semper
1832 3275 1905 3354 id
1937 3297 2178 3373 ponitur
2209 3300 2269 3355 in
2298 3292 2616 3377 regimine,

388 3385 477 3442 ita
523 3394 592 3440 ut
638 3397 882 3458 sequens
934 3379 1229 3457 genitivus
1273 3382 1539 3459 designet
1582 3396 1884 3456 personam
1939 3384 2266 3460 loquentem
2322 3380 2616 3459 (excepto

387 3467 504 3527 Jer.
534 3468 640 3538 23,
665 3466 803 3539 31.,
848 3463 948 3521 ubi
982 3464 1050 3522 de
1080 3462 1606 3542 Pseudoprophetis
1645 3472 1759 3526 tm:
1803 3477 1953 3553 ηἳῡ3ς
1964 3463 2105 3545 ¹¹7),
2149 3479 2217 3524 ut
2254 3466 2413 3558 ΠἸἻζ
2429 3478 2618 3560 ’1333

390 3553 619 3612 dietum
654 3554 869 3623 Jovae‚·
926 3550 1043 3606 imo
1084 3568 1305 3629 semper
1347 3569 1476 3607 cum
1519 3536 1850 3607 nominibus
1886 3532 1997 3609 Dei
2033 3532 2410 3626 conjunctum
2437 3564 2613 3626 repe-

385 3640 579 3710 ritur,
620 3636 875 3712 exceptis
907 3634 1056 3693 locis
1086 3634 1259 3694 Num.
1289 3636 1394 3706 24,
1426 3633 1482 3692 3.
1517 3641 1576 3695 4.
1615 3633 1705 3693 15.
1741 3637 1872 3710 16.,
1914 3636 2015 3694 ubi
2046 3636 2116 3692 de
2148 3636 2303 3694 dicto
2337 3633 2614 3707 Bileami,

388 3721 607 3781 2Sam.
639 3725 743 3793 23,
781 3722 832 3777 1.
852 3761 870 3794 ,
922 3721 1025 3777 ubi
1056 3720 1124 3778 de
1152 3719 1400 3779 Davidis
1432 3720 1626 3791 dicto,
1685 3716 1862 3778 Prov.
1896 3721 2002 3792 30,
2040 3724 2090 3777 1.
2077 3762 2126 3794 .,
2187 3721 2288 3777 ubi
2331 3720 2400 3777 de
2443 3720 2610 3777 dieto

388 3804 609 3888 Aguris
653 3805 726 3863 ad
756 3803 1018 3864 lthielem
1051 3816 1406 3884 usurpatur,
1458 3816 1517 3861 et
1557 3806 1800 3883 denique
1843 3805 1954 3865 hoc
1995 3807 2140 3863 loco.
2225 3804 2383 3862 Hinc
2420 3804 2614 3863 inter-

384 3904 612 3969 pretum
649 3891 915 3949 nonnulli
942 3888 1234 3948 Jarchium
1270 3892 1524 3967 sequuti,
1560 3909 1756 3949 vocem
1793 3892 1928 3953 vain
1955 3889 2437 3969 praevaricatio,
2474 3887 2531 3946 h.
2569 3890 2611 3946 Ι.

387 3979 474 4034 ita
508 3976 840 4051 accipiunt,
899 3993 967 4030 ac
1008 3978 1060 4033 si
1097 3996 1199 4051 per
1234 3978 1716 4052 prosopopoeiam
1748 3957 2152 4034 introducatur
2178 3970 2505 4051 Nequitia
2485 3993 2611 4032 lm-

383 4063 648 4138 piorum,
694 4062 1040 4159 proloquens
1077 4059 1311 4123 effatum
1344 4061 1493 4130 tale,
1552 4079 1626 4118 ex
1673 4078 1786 4135 quo
1815 4062 1986 4116 satis
2016 4066 2327 4135 appareat,
2380 4060 2610 4117 nullam

385 4146 539 4222 apud
567 4144 673 4203 hos
707 4144 955 4215 reperiri
989 4147 1377 4202 reverentiam
1412 4147 1689 4203 numinis.
1780 4144 1882 4201 Sic
1919 4142 2184 4202 Mendclii
2231 4147 2417 4202 filius:
2464 4140 2609 4201 Das

384 4227 605 4288 Laeter
631 4228 889 4308 predigt
917 4226 1097 4284 selbst
1131 4229 1255 4285 dem
1288 4226 1535 4287 Freeler
1571 4227 1669 4306 (so
1700 4222 1873 4286 dealt-³
1900 4227 1995 4285 ich
2029 4232 2143 4288 mir
2175 4232 2253 4286 im
2280 4225 2608 4303 Her-zen).-

383 4311 617 4372 Furclae
647 4311 866 4369 Gottes
909 4328 1012 4389 sey
1048 4330 1160 4370 vor
1194 4310 1410 4371 doinen
1446 4314 1654 4393 Augen
1690 4314 1820 4370 nie!
1898 4314 2307 4373 Recentiorum
2341 4309 2612 4389 plerique

376 4414 486 4475 pro
534 4392 643 4463 'ab
686 4396 989 4477 legendum
1031 4409 1242 4478 putant
1282 4394 1423 4479 5222,
1491 4396 1649 4479 quod
1691 4411 2104 4478 expresserunt
2143 4397 2610 4470 Alexandrinus,
