2747 4800
575 297 1242 381 1³⁸.136,6-·-23.
1346 301 1680 389 Ps.157,
1735 322 1792 364 1.
1833 321 1898 367 α.
2008 351 2013 360 .
2197 299 2341 372 661

307 484 369 546 6.
430 478 636 570 ΟΡἹἾΕ
670 482 772 556 Ei,
815 484 920 561 qm'
949 481 1196 542 diduxit
1227 500 1274 542 s.
1302 483 1619 563 expandit,
1663 484 1733 543 cf.
1760 494 1886 542 not.
1916 483 1992 544 ad
2018 483 2163 545 Gen.
2190 489 2246 560 l,
2263 489 2344 563 6.

137 580 197 627 et
222 569 462 627 verbum
496 571 560 627 in
592 569 712 627 Piel
743 569 855 628 Ex.
886 570 990 641 39,
1017 572 1079 628 3.
1116 568 1229 627 Jes.
1258 571 1363 644 40,
1392 572 1482 626 19.
1568 569 1792 628 Similis
1826 570 2013 628 forma
2037 569 2343 650 Participii

133 664 326 711 exstat
352 652 447 711 Ps.
467 656 570 728 94,
588 656 647 712 9.
683 681 770 696 —-
810 661 1040 739 nym-
1059 649 1140 732 ἒξ
1167 651 1372 730 Supra
1405 673 1614 730 aquas,
1647 656 1686 711 i.
1717 673 1764 711 e.
1798 656 1897 732 qui
1928 666 2142 713 terram
2171 660 2337 735 aquis

130 748 404 816 tanquam
429 697 803 799 fundamento
829 716 1242 814 su'perstruxit,
1286 738 1410 797 vid.
1443 738 1536 795 Ps.
1566 741 1670 811 24,
1697 741 1756 796 2.
1802 738 1874 796 cf.
1906 741 2003 812 18,
2032 741 2126 796 16.

299 856 396 910 13.
481 831 549 917 Ο·
554 849 703 918 nub
734 851 813 911 In
843 850 1151 930 segmenta
1191 871 1270 913 sc.
1299 856 1416 914 dno
1456 854 1552 930 (ut
1582 853 1721 912 Gen
1748 853 2123 928 15‚17.),ut
2156 858 2343 917 instar

119 957 527 1098 ἱξιῖιιιιιᾶιιιιιὲο2
514 943 789 1017 utrmque
812 941 1227 1012 consisterent,
1269 951 1327 998 et
1355 941 1786 998 transeuntium
1815 942 2000 998 latera
2031 942 2407 1020 stiparent..

175 1043 232 1082 x.

127 1210 226 1287 ¹5
261 1128 391 1270 ὦ
330 1128 391 1186 5
446 1135 557 1209 Ἶξζ
588 1124 898 1200 Excussit,
942 1126 1268 1204 prostravit
1293 1123 1690 1203 fluctibusque
1716 1127 1937 1202 obruit,
1977 1127 2094 1188 Ex.
2122 1129 2221 1204 14,
2236 1129 2336 1189 27.

290 1305 620 1399 2351313
607 1320 746 1374 “ιΟτ
794 1305 1079 1405 'inbuit-{aui
1122 1308 1249 1380 Qua·
1292 1310 1357 1368 in
1397 1309 1809 1368 humiliatione
1847 1321 2098 1388 nostra,
2159 1333 2337 1392 quum

112 1401 427 1474 jaceremus
476 1378 770 1472 oppressi',
832 1378 1056 1453 memor:
1079 1393 1227 1467 fuit
1268 1398 1498 1470 nostri,
1556 1392 1594 1461 b
1639 1403 1731 1453 est
1776 1406 1918 1455 nota
1963 1398 2214 1472 objecti,
2270 1410 2339 1458 ut

65 1523 70 1526 ,
116 1482 216 1540 Vs.
245 1486 343 1541 19.
370 1484 470 1539 20.
519 1482 735 1541 2Sam.
765 1482 828 1554 3,
853 1480 955 1542 30.
1038 1480 1324 1538 Videntur
1357 1489 1553 1539 antem
1586 1479 1726 1538 haec
1757 1480 1935 1540 verba
1962 1481 2036 1540 ad
2067 1485 2338 1560 antiquas

115 1570 469 1626 calamitates
494 1567 695 1643 populi
721 1564 1025 1622 referenda
1048 1583 1194 1637 esse,
1225 1583 1345 1621 non
1372 1563 1448 1621 ad
1474 1567 1597 1640 ejus
1628 1568 1928 1642 temporis,
1959 1586 2074 1649 qno
2103 1587 2334 1630 carmen

113 1653 330 1711 factum
370 1660 493 1726 est,
541 1661 608 1708 ut
643 1647 1032 1728 respondeant
1066 1647 1564 1727 praecedentibus.

1056 1836 1180 1895 Ps.
1250 1837 1391 1895 137.

280 1953 600 2014 Testantur
629 1957 837 2014 musici
871 1964 928 2012 et
962 1956 1460 2031 cantores’templi
1492 1973 1657 2014 suam
1687 1956 2111 2030 constantiam,
2160 1977 2331 2037 quam

114 2044 176 2099 in
221 2041 398 2098 exilio
445 2043 600 2099 inter
645 2040 840 2099 hostes
875 2041 1029 2114 'olim
1079 2058 1253 2113 suos,
1323 2041 1694 2116 postulantes
1743 2044 1976 2099 cantica
2024 2053 2083 2100 et
2130 2046 2331 2106 modos

111 2127 400 2201 ipsorum,
442 2127 876 2200 praestiterim,
931 2134 989 2184 et
1022 2141 1193 2200 quam
1225 2125 1404 2182 libere
1434 2127 1830 2184 recusaverint
1866 2125 2330 2203 profanationem

110 2228 409 2268 sacrorum
438 2212 792 2281 carminum,
830 2209 1031 2267 addita
1064 2209 1515 2284 imprecatione,
1558 2228 1732 2311 q0uam
1761 2214 2174 2285 usurpaverint
2207 2223 2329 2273 tum

111 2294 383 2352 adversus
413 2313 534 2367 eos,
566 2296 666 2372 qui
693 2295 867 2353 talem
896 2292 1359 2370 profanationem
1392 2294 1511 2351 ab
1493 2296 1637 2370 ipsis
1665 2297 1965 2371 postulare
1991 2299 2120 2354 ausi
2151 2297 2329 2356 fuere.

113 2376 357 2437 Carmen
389 2397 505 2438 non
537 2381 663 2457 ipso
694 2378 962 2438 durantis
991 2379 1160 2437 exilii
1190 2385 1473 2453 tempore,
1512 2377 1614 2438 sed
1642 2388 1863 2480 postea,
1897 2399 2071 2458 quum
2104 2381 2330 2442 dimissi
2440 2397 2449 2407 “

108 2474 332 2536 essent,
391 2473 450 2523 et
489 2443 825 2523 conditione
868 2464 1010 2535 tali,
1067 2484 1183 2541 qna
1223 2474 1460 2540 possent
1499 2467 1736 2544 organis
1772 2467 2013 2524 musicis
2053 2469 2176 2524 suis
2207 2471 2327 2542 jam

107 2559 266 2608 recte
292 2552 418 2623 nti,
466 2550 685 2608 editum
714 2568 874 2622 esse,
914 2549 1170 2607 ostendit
1199 2557 1261 2606 et
1293 2568 1388 2607 res
1421 2550 1579 2627 ipsa,
1623 2560 1682 2609 et
1713 2550 2023 2609 verborum
2053 2554 2329 2630 temporis

107 2636 408 2721 praeteriti
445 2653 585 2695 usus
617 2636 681 2691 in
714 2632 986 2692 Versibus
1019 2634 1333 2710 prioribus.

281 2752 336 2808 1.
421 2746 548 2838 ΟΟΟ
595 2744 947 2837 hinnu-²22
984 2748 1084 2806 Ad
1109 2748 1369 2825 flumina
1410 2746 1765 2824 Babylonis,
1816 2768 1937 2810 non
1977 2750 2173 2824 urbis,
2227 2753 2329 2811 sed

107 2838 313 2915 regni,
368 2855 470 2913 per
510 2817 665 2911 quod
701 2814 948 2910 dispersi
981 2834 1274 2890 vivebant.
1359 2831 1631 2890 Flumina
1669 2835 1854 2912 igitur
1889 2835 2000 2893 illa
2036 2845 2176 2893 sunt
2204 2836 2329 2893 Eu-

110 2920 341 2996 phrates
371 2931 429 2976 et
457 2919 683 3000 Tigris,
725 2921 866 2975 item
896 2914 1191 2975 Chaboras
1225 2915 1331 2974 Ez-
1354 2917 1410 2988 1,
1436 2918 1493 2972 3.
1539 2917 1763 2990 3,15.,
1804 2926 1863 2975 et
1892 2920 2148 2977 Eulaeus
2175 2918 2325 2977 Dan.

110 3008 173 3079 8,
204 3008 262 3062 2.
345 3003 677 3063 Fluminnm
709 3004 925 3060 mentio
959 2999 1164 3057 forsan
1194 3020 1261 3058 eo
1292 3001 1580 3075 pertinet,
1625 3002 1780 3078 qnod
1811 3021 2147 3084 synagogae
2174 3002 2326 3079 apud

105 3090 348 3149 flumina
392 3090 564 3147 condi
606 3090 897 3160 solerent,
947 3087 1083 3163 quia
1114 3083 1321 3152 ludaei
1348 3085 1618 3143 obstricti
1651 3096 1820 3144 erant
1852 3089 1924 3146 ad
1959 3107 2162 3145 manus
2192 3106 2325 3145 snas

106 3185 243 3232 ante
272 3176 472 3253 preces
500 3174 832 3245 abluendas,
866 3174 971 3229 illa
996 3190 1134 3228 vero
1160 3171 1425 3247 puriores
1454 3187 1632 3246 aquas
1657 3172 2125 3245 subministrant,
2154 3190 2326 3249 quam

104 3261 225 3316 alia
257 3279 533 3337 aquarum
560 3260 942 3335 receptacula.
999 3254 1085 3314 cf.
1115 3253 1223 3312 das
1254 3273 1313 3310 a.
1336 3272 1394 3310 ιι.
1414 3273 1473 3311 ιι.
1492 3252 1782 3333 Mor-goul.
1818 3257 1873 3314 P.
1891 3255 1985 3315 vl.
2013 3276 2065 3334 p.
2083 3259 2182 3315 26.
2201 3276 2324 3333 sqq.

105 3343 276 3402 Unde
306 3355 364 3402 et
396 3344 732 3422 prophetis
715 3361 778 3400 ιιι
805 3342 983 3400 exilio
1008 3339 1349 3419 degentibus
1375 3340 1630 3397 visiones
1659 3341 1747 3398 ad
1753 3340 1995 3399 flumina
2026 3343 2327 3399 obvenisse

104 3430 355 3508 legimus
392 3428 540 3485 locis
574 3442 708 3486 ante
740 3428 1008 3486 laudatis.
1095 3424 1218 3484 Alii
1252 3423 1484 3480 exsules
1514 3422 1586 3479 ad
1616 3425 1999 3502 Euphratem,
2055 3428 2324 3484 occiden-

105 3512 288 3571 talem
324 3511 677 3586 Babyloniae
712 3514 1057 3583 terminum,
1111 3510 1437 3566 consedisse
1480 3518 1718 3585 putant,
1779 3511 1945 3568 vultu
1988 3512 2061 3569 ad
2104 3513 2327 3588 patriae

105 3608 323 3668 terrae,
355 3596 514 3668 cujus
544 3596 829 3654 desiderio
859 3597 1223 3665 tenebantur,
1253 3593 1452 3671 plagas
1482 3610 1783 3651 converso.
1858 3593 2065 3653 Sionis
2104 3597 2323 3653 mentio

104 3680 403 3752 ostendit,
452 3698 569 3738 non
596 3693 714 3737 tam
743 3678 813 3737 de
844 3683 1068 3756 patria,
1107 3678 1469 3749 Palaestina,
1517 3680 1630 3736 etsi
1664 3679 1735 3737 de
1762 3679 1874 3737 hac
1903 3681 2109 3754 etiam,
2152 3698 2323 3757 qnam

102 3765 178 3824 de
223 3766 385 3823 cultu
430 3775 488 3822 et
523 3765 663 3823 loco
704 3767 894 3822 cultus
933 3763 1124 3823 divini
1163 3762 1417 3823 doluisse
1461 3764 1659 3821 exules
1705 3767 1835 3841 pios
1877 3766 2016 3825 illos
2051 3767 2325 3839 musicos,

101 3850 451 3935 praesertim
490 3849 615 3908 fani
648 3848 894 3911 Sionici.

278 3954 337 4010 2.
423 3950 592 4021 Quod
634 3947 909 4009 citharas
954 3966 1096 4009 suas
1140 3947 1224 4006 ad
1267 3948 1494 4005 vicinas
1545 3947 1879 4009 fluminibus
1927 3952 2057 4009 istis
2109 3948 2325 4009 salices

100 4056 166 4095 se
199 4036 367 4109 ajunt
397 4034 813 4116 suspendisse,
853 4032 1191 4114 significant
1217 4051 1558 4109 suspensum
1585 4038 1837 4095 musicae
1862 4055 2062 4094 usum:
2105 4054 2327 4116 organa

101 4124 368 4196 musica,
419 4121 547 4181 Deo
592 4131 961 4191 consecrata,
1018 4120 1206 4177 otiosa
1249 4116 1609 4194 pendebant,
1675 4140 1783 4180 nec
1830 4122 1897 4180 de
1936 4140 2096 4178 more
2139 4126 2211 4179 sul
2258 4139 2325 4178 ea

101 4225 320 4266 canere
347 4210 673 4283 potuimus,
730 4207 831 4264 sed
862 4207 1091 4262 tristem
1123 4206 1305 4271 vitam
1340 4204 1403 4259 in
1433 4204 1700 4265 luctuoso
1733 4209 1967 4265 silentio
2005 4208 2327 4284 transigere

105 4295 306 4351 coacti
336 4292 570 4351 fuimus.
657 4296 866 4352 anina
914 4286 988 4346 Ῑιι
1033 4289 1217 4346 medio
1257 4285 1391 4358 ejus
1433 4306 1515 4349 sc.
1558 4287 1681 4353 bna
1716 4300 1894 4378 γᾋις,
1941 4309 2046 4367 pro
2079 4287 2329 4365 simplici

105 4390 211 4464 ’Ἶὶ
249 4379 313 4436 iu
352 4395 443 4436 ea.
536 4360 955 4449 citharae-tim,
1001 4377 1268 4452 η’ΊἻῚιΟ,
1329 4374 1475 4431 alias
1516 4379 1578 4434 in
1614 4354 2059 4436 solemnioribus
2101 4371 2330 4454 gaudiis
