2747 4800
1084 280 1202 349 Pe·
1256 276 1419 365 132,
1472 269 1538 343 6.
1623 327 1630 333 -
2264 247 2410 356 651

190 470 567 531 Jeroboamus
606 477 774 539 rex,-
806 480 879 526 ex
917 464 1075 526 tribu
1106 461 1385 542 Ephraim
1426 461 1741 548 oriundus,
1787 464 1816 524 l
1835 461 1978 545 ὡς.
2013 464 2109 539 11,
2141 460 2302 545 26),
2345 468 2411 526 m

194 574 313 634 qua
344 554 473 612 Silo
516 551 665 622 urbs,
694 552 810 609 sisa
841 549 996 624 fuit,
1059 550 1159 608 ubi
1187 566 1326 608 arca
1362 548 1701 609 substiterat
1729 550 1854 607 349
1883 551 2053 626 aunis
2097 548 2242 631 (vid.
2276 550 2416 618 lud,

199 641 302 711 18,
331 637 431 697 31.
476 635 705 709 21,19.
765 635 969 694 lSam.
1009 636 1065 706 1,
1102 631 1220 711 3.);
1288 633 1521 696 nomine
1566 636 1878 726 ’πῃ-’Ἑρ
1922 644 2114 695 autem
2159 635 2407 700 indicari

91 742 95 745 ’
190 732 403 804 putant
432 722 708 780 urbem-a
738 721 883 779 locis
910 720 1167 798 sylvosis
1199 718 1416 780 dietam
1439 725 1924 809 ῦῖἿξῗ-ῆζῆῆ,
1962 738 2080 796 quo
2108 720 2244 779 loco
2271 738 2410 779 arca

194 828 301 886 per
340 808 422 865 2⁰
455 824 640 864 anuos
682 816 907 864 morata
945 803 1095 877 fuit,
1157 805 1187 862 1
1209 802 1371 862 Sam.
1409 805 1473 873 6,
1502 804 1602 860 21.
1644 805 1705 875 7,
1738 802 1793 859 1.
1823 804 1885 860 2.
1962 802 2187 868 Horum
2221 806 2412 884 igitur

157 894 453 988 ‘flerique
503 908 735 948 sensum
782 887 1007 948 faciunt
1061 887 1215 949 bunc
1256 889 1323 945 in
1361 889 1634 946 modum:
1707 905 1883 964 quum
1936 890 2412 964 percontabamur

193 978 372 1050 olim,
426 976 663 1033 ubinam
704 985 858 1032 esset
900 974 1236 1034 Sam-arium
1265 971 1482 1044 Jovae,
1539 971 1946 1045 audiebamus,
1998 972 2148 1031 illud
2186 992 2309 1033 esse
2345 976 2414 1033 in

190 1059 619 1137 Ephraimitica
652 1060 909 1138 regione,
954 1059 994 1116 i.
1023 1077 1075 1117 e.
1113 1057 1380 1129 Siluute,
1421 1058 1521 1114 ubi
1548 1067 1742 1113 autem
1771 1074 1847 1114 ex
1872 1077 1940 1114 eo
1969 1059 2099 1115 loco
2130 1060 2412 1125 translata

188 1145 332 1216 fuit,
360 1163 535 1224 quum
556 1143 680 1204 eam
702 1144 848 1201 alias
869 1143 1281 1220 quaesivimus,
1309 1142 1625 1218 reperimus
1656 1159 1779 1199 eam
1810 1142 1871 1203 iu
1888 1140 2411 1216 Kiriath-Jearim,

191 1241 255 1287 et
282 1232 371 1292 sic
397 1250 432 1287 e
459 1230 588 1286 loco
619 1228 683 1285 in
714 1227 907 1287 locum
932 1229 1187 1307 migrare
1214 1227 1584 1305 cogebamur,
1610 1234 1678 1282 ut
1703 1225 1881 1283 Jovae
1909 1217 2166 1296 debitum
2193 1227 2413 1305 cultum

195 1334 277 1372 ex
305 1315 466 1372 illius
504 1309 862 1389 praescripto
903 1309 1321 1370 adhiberemus.
1404 1308 1576 1369 Nunc
1617 1319 1846 1381 autem,
1901 1320 2203 1389 postquam
2246 1300 2423 1369 illius
2513 1347 2544 1368 ·

195 1399 556 1463 domicilium
589 1396 833 1455 firmiter
865 1397 1247 1468 constitutum
1272 1402 1384 1469 est,
1411 1379 1772 1451 'accedamus
1815 1396 1908 1470 pie
1939 1404 1998 1453 et
2027 1395 2299 1477 religiose
2334 1394 2418 1455 ad

196 1480 586 1542 tabernacula
629 1475 913 1550 Domini,
937 1490 1046 1538 eet.
1083 1478 1179 1536 Vs.
1212 1481 1270 1537 7.
1357 1477 1685 1537 Tumulus
1729 1478 1795 1536 in
1824 1475 2151 1556 Disquisit.
2186 1499 2245 1555 p.
2272 1478 2410 1539 158.

192 1586 322 1646 sqq.
365 1567 599 1626 nomine
641 1562 1116 1643 Ephraimitidis
1159 1563 1455 1643 designari
1498 1572 1695 1620 censet
1736 1563 2072 1643 regionem,
2138 1561 2238 1621 ubi
2281 1574 2417 1638 post

190 1652 409 1711 infelix
443 1652 725 1727 proelium
759 1669 889 1708 cum
918 1647 1293 1707 Philistbaeis
1326 1666 1466 1706 arca
1503 1657 1672 1723 capta
1710 1656 1769 1703 et
1799 1648 2013 1705 amissa
2043 1658 2132 1707 est
2174 1644 2235 1727 (l
2257 1649 2416 1707 Sam.

187 1733 612 1814 f4‚13,—18.)‚
667 1734 895 1812 campis
938 1732 1139 1811 sylvae
1176 1750 1315 1789 vcro
1347 1750 1556 1811 agrum
1583 1726 2132 1791 Kiriath-harim
2169 1734 2327 1791 inter
2354 1742 2415 1792 et

198 1816 612 1882 Beth-Semes
654 1819 1056 1894 interjectum,
1116 1812 1489 1874 nobilitatum
1523 1829 1721 1897 strage
1756 1816 1982 1896 aliquot
2014 1817 2266 1876 millium
2303 1817 2416 1877 bo-

198 1907 459 1975 minum,
517 1904 906 1975 irreverenter
951 1898 1027 1960 ad
1074 1918 1268 1960 arcam
1320 1896 1680 1958 affluentium
1735 1900 1796 1975 (l
1821 1902 1978 1963 Sam.
2013 1894 2074 1975 6,
2108 1902 2203 1960 18.
2238 1899 2417 1978 19.);

197 1991 447 2067 indeque
487 1974 1000 2065 Kiriathejearim
1042 1985 1288 2043 deducta
1327 1996 1436 2042 est.
1525 1982 1856 2058 „Exsultat
1905 1994 2097 2044 autem
2142 1995 2304 2044 vates
2348 1989 2418 2045 in

200 2076 295 2133 sui
338 2072 611 2149 temporis
647 2068 960 2141 felicitate,
1003 2085 1117 2146 qua
1145 2071 1392 2148 populus
1425 2067 1747 2141 fruebatur,
1787 2069 1941 2148 quod
1971 2087 2109 2128 arca
2139 2087 2260 2128 non
2290 2089 2414 2137 am-

199 2160 354 2239 plius
387 2154 500 2216 buc
530 2155 674 2213 illuc
697 2164 1046 2234 vagaretur,
1099 2153 1198 2212 sed
1225 2154 1490 2211 stabilem
1520 2153 1757 2212 tandem
1784 2155 1997 2213 sortita
2026 2165 2177 2211 esset
2207 2156 2417 2228 locum,

202 2262 371 2322 quem
413 2242 659 2319 populus
704 2241 829 2296 sine
873 2239 1078 2296 mortis
1123 2236 1432 2296 formidine
1475 2238 1744 2312 accedere
1787 2241 2001 2317 potuit.
2087 2237 2222 2297 Huc
2264 2241 2420 2298 enim

200 2338 391 2394 vatem
434 2325 682 2406 digitum
723 2322 1041 2382 intendisse
1081 2332 1277 2398 patet,
1330 2324 1470 2399 quia
1508 2324 1771 2381 meminit
1808 2341 1929 2381 non
1963 2324 2217 2399 ipsarum
2251 2341 2421 2382 arcae

201 2413 569 2473 mansionum
607 2412 732 2469 sive
772 2411 1128 2479 stationum,
1184 2426 1302 2465 non
1334 2407 1621 2481 Siluntis,
1680 2408 1778 2469 sed
1811 2410 2073 2488 regionis
2105 2406 2421 2485 Ephratae,

202 2498 305 2556 ubi
337 2492 785 2571 imelsdrerso
819 2494 1037 2572 praelio
1070 2492 1261 2552 victus
1302 2502 1360 2549 et
1401 2510 1537 2550 arca
1576 2500 1744 2571 capta
1788 2491 2016 2561 fuerat;
2075 2510 2196 2550 nou
2235 2494 2422 2569 ipsius

204 2583 369 2641 urbis
400 2577 653 2654 luerim,
695 2579 738 2641 i.
765 2598 814 2637 c.
847 2594 1172 2649 nemorum,
1216 2576 1315 2635 sed
1344 2579 1475 2654 agri
1508 2594 1826 2650 nemorum,
1865 2579 2024 2635 illius
2056 2593 2277 2655 nempe,
2319 2579 2423 2639 ubi

200 2666 387 2739 Deus,
418 2663 491 2723 ob
519 2662 903 2724 irreverenter
929 2665 1244 2737 inspectam
1272 2672 1701 2719 sacrosanctam
1733 2681 1949 2735 arcam,
1975 2671 2068 2719 tot
2095 2660 2424 2738 myriadum

207 2761 460 2831 stragem
506 2745 788 2823 ediderat,
874 2746 1090 2824 Sicque
1129 2762 1224 2803 res
1265 2747 1466 2803 tristes
1504 2746 1654 2825 tegit
1692 2748 1884 2806 verbis
1930 2747 2181 2805 concisis
2224 2753 2286 2803 et
2330 2756 2422 2806 te-

205 2835 534 2906 nuioribus,
562 2832 786 2891 animos
817 2833 1078 2897 locorum
1108 2838 1337 2887 tantum
1368 2830 1679 2890 notatione
1708 2832 1782 2890 ad
1806 2849 1903 2889 eas
1930 2847 2234 2891 revocans.
2286 2828 2420 2889 Hoc

205 2922 396 2998 igitur
430 2910 574 2977 dicit
605 2913 887 2993 populus:
947 2922 1354 2992 quauto‘nuno
1383 2931 1579 2974 sumus
1612 2913 1934 2989 feliciores,
1984 2932 2153 2994 quam
2189 2914 2422 2991 quidem

211 3013 418 3077 antea,
487 2999 652 3070 duris
705 2997 829 3058 illis
876 3009 936 3058 et
976 3000 1328 3057 calamitosis
1371 2997 1760 3081 temporibus!
1846 2999 2004 3060 Olim
2041 2997 2424 3060 audiebamus

210 3088 372 3147 inam
403 3081 646 3166 (arcam)
687 3085 955 3144 amissam
981 3083 1048 3142 in
1075 3082 1521 3160 Ephraimitide,
1564 3087 1627 3141 et
1658 3085 1960 3144 reductam
1988 3081 2427 3144 inveniebamus

213 3191 392 3252 prope
431 3162 669 3238 Kiriath
691 3199 721 3216 -
744 3164 997 3244 Jearim,
1060 3169 1124 3228 in
1157 3168 1426 3247 planitie
1461 3167 1567 3226 itta
1604 3187 1946 3244 nemorosa,
2009 3182 2070 3228 et
2113 3169 2429 3247 utrobique

213 3275 336 3315 non
369 3256 497 3313 sine
532 3262 735 3312 severo
764 3251 879 3312 Dei
918 3253 993 3312 in‘
1019 3253 1297 3331 populum
1333 3250 1576 3328 judicio.
1660 3257 1848 3324 Quam
1882 3254 2096 3315 flebilis
2125 3262 2254 3312 erat
2279 3263 2428 3313 tem·-

216 3358 421 3417 porum
456 3340 688 3402 illorum
731 3335 1018 3399 conditio!
1081 3357 1254 3402 uuam
1284 3337 1664 3399 dehonestata
1689 3341 1995 3420 religionis
2027 3333 2238 3398 facies!
2295 3357 2428 3396 cum

217 3435 356 3482 area
383 3421 631 3480 foederis
1348 3425 1453 3481 imo
1481 3424 1553 3480 ab
1580 3422 1845 3485 hostibus
1878 3435 2200 3502 caperetur.
2253 3421 2428 3482 Nunc

214 3526 355 3569 vero
399 3506 556 3565 Deus
594 3516 634 3563 tt
1348 3526 1439 3568 um
1485 3519 1764 3587 perpetuo
1806 3508 2215 3580 habitandum3
2267 3525 2425 3565 nuuc

218 3602 387 3679 parta
419 3591 585 3652 nobis
614 3604 702 3650 est
725 3604 1032 3654 accedendi
1058 3604 1116 3652 et
1141 3604 1382 3650 ubertas
1411 3603 1471 3651 et
1491 3593 1763 3656 fiduci-,⁴⁴
1806 3595 2074 3661 Venena
2107 3592 2423 3666 israelitas,

219 3679 320 3753 qui
354 3679 416 3735 in
447 3675 557 3739 hoc
587 3674 770 3734 Versu
803 3679 1103 3754 loquentes
1141 3677 1528 3752 inducantur,
1578 3678 1689 3738 boc
1724 3679 1921 3739 dicere
1962 3687 2168 3756 putat,
2220 3687 2427 3736 votum

220 3761 369 3820 illud
400 3761 685 3833 Davidis,
739 3764 894 3838 qnod
937 3760 1072 3821 inde
1113 3781 1148 3819 a
1177 3760 1361 3819 Versu
1393 3763 1454 3819 2.
1494 3766 1732 3824 allatum
1771 3764 1997 3835 fuerat,
2055 3751 2425 3824 Salomonem

220 3848 580 3922 implevisse:
643 3845 1010 3920 audivimus,
1064 3846 1427 3919 invenimus,
1478 3849 1788 3925 inquiunt,
1845 3848 2074 3908 scilicet
2120 3847 2216 3919 id,
2273 3842 2432 3922 quod
2488 3858 2491 3861 ’

222 3931 414 3999 David
454 3948 515 3990 oe
560 3933 931 3989 inventurum
970 3940 1232 3990 voverat·
1314 3929 1606 3995 Feminini
1642 3936 1796 3992 enim
1841 3935 2073 4015 generis
2114 3949 2435 4012 pronomen

225 4019 417 4075 verbis
449 4014 703 4088 affixum,
747 4016 838 4072 vel
866 4034 971 4092 pro
1000 4024 1212 4081 neutro
1241 4017 1493 4092 positum
1524 4035 1681 4090 esse,
1726 4028 1792 4077 ut
1823 4037 1991 4100 saepe
2017 4017 2161 4077 slis·
2179 4057 2200 4090 ,
2234 4018 2328 4078 vel
2356 4014 2433 4075 ad
2527 4016 2537 4025 '

228 4100 476 4187 mauguin!
508 4099 720 4163 referri
749 4093 891 4179 (vid.
918 4100 1132 4178 supra).
1191 4098 1441 4180 Verbqp
1470 4100 1752 4166 audiendi
1776 4105 2061 4180 respicere
2091 4101 2168 4160 ad
2192 4102 2434 4162 nuntios

229 4202 266 4240 a
294 4182 601 4243 Salomone
639 4186 849 4243 missos
879 4185 954 4244 ad
987 4184 1389 4244 convocandos
1422 4185 1711 4244 israelitas
1738 4188 1818 4248 ad
1844 4187 2441 4246 illameolennitaoem

233 4267 426 4327 2Cbr.
458 4268 517 4341 5,
541 4272 604 4328 2.
693 4266 811 4328 Uen·
856 4287 993 4330 vero
1034 4269 1178 4329 baec
1222 4267 1636 4349 perceperant?
1720 4270 1790 4331 ln
1831 4270 2112 4352 Ephrem·
2162 4281 2222 4329 et
2263 4267 2440 4345 agris

238 4350 478 4431 sylvae,
530 4353 594 4413 b.
635 4375 685 4414 e.
726 4359 794 4415 in
840 4357 987 4416 loeis
1030 4355 1370 4435 propinquis
1417 4364 1478 4416 et
1523 4356 1797 4432 remotis,
1850 4359 2048 4441 cultis⁸
2076 4367 2137 4440 et
2178 4353 2434 4414 incultis.

2596 4343 2631 4372 Q
