2747 4800
358 273 505 352 158
1105 227 1116 236 ’
1204 279 1323 352 Po.
1369 278 1490 367 24
1553 302 1608 349 ι.
1649 302 1711 348 2.

352 471 564 528 vitatis
591 469 696 539 m,
728 469 822 525 16.
850 463 1043 529 ’.Βειη
1077 469 1190 540 30,
1211 470 1312 526 20.
1358 465 1537 526 Prov.
1570 465 1721 538 3‚2.
1750 467 1848 524 16.
1912 466 2085 527 Prius
2116 467 2566 540 substantivum,

354 561 529 642 3358,
569 556 701 612 loco
735 554 1027 630 adjectivi,
1071 564 1138 612 ut
1178 552 1274 626 14,
1304 555 1363 610 7.
1347 592 1397 626 .,
1437 572 1605 631 quem
1643 553 1752 610 loc.
1785 552 1857 611 cf.

1333 738 1448 798 Ps.
1490 739 1591 796 24.

527 858 770 918 Carmen
811 858 924 918 hoc
965 869 1083 916 tres
1124 853 1299 916 habet
1339 867 1549 933 partes.
1637 852 1831 914 Prima
1864 855 2116 915 celebrat
2145 856 2325 915 Jovae
2356 865 2566 933 poten-

356 947 494 1004 tiam
526 957 584 1002 et
610 946 967 1018 majestatem
1002 942 1130 1020 (Vs.
1165 946 1216 1000 l.
1246 939 1395 1020 2.);-
1424 942 1674 1001 secunda
1700 940 1896 1014 docet,
1941 944 2140 1019 quales
2169 960 2230 998 se
2265 952 2566 1017 praestare

355 1029 599 1087 debeant
641 1030 722 1099 ii,
776 1031 876 1104 qui
917 1030 1069 1085 tanti
1109 1026 1223 1084 Dei
1265 1030 1391 1084 veri
1436 1028 1687 1085 cultores
1730 1024 1962 1098 haberi,
2019 1036 2075 1083 et
2119 1025 2325 1084 horum
2368 1026 2565 1085 coetui

352 1115 598 1192 adJ'ungi
633 1114 817 1170 velint
851 1110 1151 1187 (3—5.).
1235 1110 1301 1168 In
1334 1113 1508 1169 tertia
1540 1124 1704 1188 parte
1730 1119 1928 1184 vates,
1965 1112 2222 1190 eleganti
2253 1129 2390 1168 usus
2422 1131 2565 1187 pro-

351 1199 698 1274 sopopoeia,
748 1199 902 1272 ipsas
936 1198 1176 1253 sacrarii
1208 1210 1405 1273 portas
1435 1198 1774 1271 compellat,
1818 1213 1959 1271 quas
2000 1194 2301 1266 hortatur,
2348 1207 2414 1254 ut
2447 1200 2566 1253 late

351 1283 680 1361 pandantur
714 1283 1064 1360 ingredienti
1098 1299 1266 1337 arcae
1306 1284 1431 1338 sive
1472 1283 1702 1356 potius,
1745 1281 1906 1353 cujus
1945 1278 2085 1337 haec
2125 1280 2318 1352 aeden,
2375 1274 2564 1338 Jovao

353 1368 489 1443 opt.
530 1364 716 1440 Max„
775 1368 936 1439 cujus
977 1367 1164 1422 virtus
1205 1375 1264 1421 et
1305 1366 1645 1443 magnitudo
1691 1362 1896 1420 dehinc
1938 1365 2169 1422 sublimi
2212 1363 2562 1444 dialogismo

349 1453 720 1529 praedicatae
752 1451 822 1523 (7
847 1481 922 1491 -
950 1448 1103 1524 10.).
1163 1480 1242 1494 —
1297 1449 1528 1506 Veteres
1572 1467 1643 1506 ex
1672 1447 1951 1504 Hebraeis
1991 1444 2337 1525 interpretes
2374 1447 2565 1506 Davi-

351 1539 480 1593 «lem
515 1537 789 1592 cecinisse
822 1533 932 1591 hoc
964 1553 1194 1591 carmen
1230 1535 1602 1604 existimant,
1646 1543 1946 1609 postquam
1982 1535 2216 1592 oraculo
2248 1536 2399 1592 vatis
2429 1531 2564 1591 Gad

350 1629 502 1680 esset
541 1618 870 1675 admonitus
909 1617 977 1674 «le
1014 1619 1178 1689 loco,
1212 1619 1295 1673 in
1337 1636 1452 1691 quo
1493 1616 1640 1675 Jova
1678 1617 1790 1674 sibi
1827 1618 2001 1673 vellet
2034 1620 2303 1692 templum
2333 1617 2566 1676 exstrui

350 1701 422 1789 (2
443 1702 597 1761 Sam.
636 1704 734 1774 14,
764 1703 1052 1762 18-24,
1088 1703 1216 1758 coll.
1250 1700 1437 1760 lchr.
1464 1702 1567 1774 21,
1602 1701 1675 1757 18
1707 1730 1788 1741 -
1817 1696 2092 1775 22,19.).
2153 1701 2560 1761 Factumvero

348 1770 462 1846 hoc
495 1807 532 1845 a
574 1788 671 1863 pio
705 1805 842 1865 rege
884 1806 952 1843 eo
993 1788 1240 1844 consilio
1287 1804 1447 1858 esse,
1502 1794 1570 1842 ut
1607 1787 1920 1843 instrueret
1963 1786 2329 1845 Salomonem
2368 1788 2560 1846 filium

347 1869 602 1949 hymno,
647 1889 761 1946 quo
797 1879 1082 1942 uteretur,
1132 1870 1363 1948 quando
1403 1888 1541 1928 arca
1580 1888 1744 1928 saera
1785 1885 1860 1924 ex
1903 1870 2274 1928 tabernaculo
2317 1872 2558 1929 Sionieo
2622 1941 2629 1950 ι

347 1959 414 2015 in
450 1957 644 2014 aedem
690 1974 934 2027 novam,
992 1974 1166 2032 quam
1198 1956 1434 2013 Salonio
1474 1956 1528 2011 ei
1570 1964 1974 2012 exstructurus
2013 1964 2170 2026 erat,
2225 1956 2559 2015 inferretur.

346 2038 722 2101 Recentiores
752 2059 890 2097 vero
924 2042 1267 2117 interpretes
1297 2042 1670 2097 consentiunt
1703 2037 1821 2096 fere
1863 2038 1926 2095 in
1955 2038 2063 2095 hac
2092 2042 2416 2113 sententia,
2457 2039 2558 2097 Pa.

342 2123 502 2182 hunc
535 2127 911 2223 compositum
941 2143 1064 2181 esse
1099 2124 1403 2182 occasione
1432 2124 1690 2183 solennis
1723 2140 1994 2199 pompae,
2040 2141 2154 2199 qua
2185 2137 2561 2182 sacrosancta.

345 2203 532 2268 Jovae
561 2227 695 2265 arca
726 2211 789 2265 in
820 2219 1073 2266 montem
1105 2208 1340 2267 Sionem
1375 2207 1752 2267 inducebatur
1788 2205 2125 2283 (2Sam.6.
2172 2210 2197 2263 1
2229 2207 2363 2266 Chr.
2396 2209 2557 2288 15.);

345 2301 417 2350 ut
448 2294 632 2370 igitur
659 2291 753 2348 Ps.
790 2291 883 2349 15.
917 2295 996 2348 sit
1040 2281 1400 2373 σύγχρονος,
1443 2313 1571 2350 cum
1601 2309 1715 2365 quo
1747 2310 1887 2348 sane
1923 2294 2169 2368 plurima
2196 2291 2368 2350 habet
2392 2312 2555 2351 com-

343 2379 565 2441 munia.
651 2375 920 2434 Attamen
967 2388 1193 2456 portae
1247 2386 1531 2437 aeternas
1592 2373 1720 2447 (Va.
1764 2379 1820 2434 7.
1830 2374 1860 2452 )
1918 2395 2091 2453 quum
2137 2379 2320 2436 multo
2362 2380 2554 2459 magis

346 2462 596 2536 templo,
652 2479 820 2536 quam
864 2462 1240 2527 tabernaculo
1287 2472 1389 2519 aut
1429 2465 1553 2519 arci
1597 2458 1837 2518 Sioniae
1879 2464 2262 2533 conveniant3
2323 2465 2557 2522 mallem

342 2547 413 2602 in
456 2546 644 2617 priori
686 2549 973 2603 sententia
1018 2548 1398 2623 acquiescere.
1484 2545 1752 2604 Ceterum
1800 2564 2029 2603 carmen
2071 2548 2312 2605 alternis
2359 2546 2555 2605 choris

343 2630 406 2686 in
437 2630 564 2703 ipsa
591 2630 818 2685 solenni
850 2645 1057 2707 pompa
1090 2642 1386 2686 cantatum
1417 2630 1629 2702 fuisse,
1668 2628 1821 2687 haud
1854 2632 2045 2705 inepte
2080 2631 2444 2689 concluditur
2477 2648 2556 2690 ex

339 2709 470 2768 Vas·
503 2713 560 2767 3.
588 2714 651 2769 4.
688 2716 746 2771 8.
832 2713 1068 2790 Singuli
1100 2732 1240 2771 vero
1278 2711 1442 2770 chori
1476 2714 1644 2787 hujus
1674 2716 2035 2810 aliorumque
2065 2713 2420 2771 psalmorum
2452 2731 2557 2769 ac-

343 2797 603 2852 curatius
646 2794 897 2852 discerni
937 2799 1042 2853 vix
1080 2798 1337 2872 poterint
1373 2813 1411 2850 a
1453 2796 1655 2867 nobis,
1697 2796 1799 2868 qui
1833 2795 1897 2850 in
1928 2810 2150 2851 summa
2178 2796 2560 2891 ignoratione

335 2895 636 2937 versamur
671 2876 817 2934 artis
848 2881 1101 2936 musicae
1127 2888 1385 2936 veterum
1422 2876 1833 2939 Hebraeorum.
1915 2892 1923 2899 ’

516 2993 570 3053 l.
606 2995 666 3052 2.
749 3002 948 3082 γἾΝΠ
1004 2988 1213 3078 κζ’-βξ
1252 2983 1444 3050 Jovae
1484 3001 1577 3049 est
1618 2988 1824 3065 te'rru,
1884 2990 2146 3068 quamvis
2189 2990 2551 3055 diversarum

334 3080 643 3157 regionum
677 3080 825 3136 varii
868 3081 991 3135 sint
1034 3079 1292 3150 domini,
1348 3095 1649 3150 supremus
1687 3086 1881 3136 tamen
1921 3076 2249 3134 dominator
2291 3081 2552 3138 omniurn

336 3175 424 3221 est
453 3162 615 3220 Jovs.
663 3206 664 3211 1
700 3157 916 3224 ,ΨΝΞΕἹ
954 3162 1036 3219 Et
1059 3162 1372 3242 plenitudo
1408 3160 1557 3234 ejus,
1602 3163 1873 3237 quicquid
1906 3164 1999 3219 vel
2033 3162 2209 3232 intra,
2247 3162 2339 3219 vel
2372 3181 2553 3238 supra

337 3259 527 3304 terrac
559 3230 794 3325 globum
829 3229 1195 3314 continetur,
1241 3245 1514 3321 quicquid
1550 3247 1785 3302 eandem
1817 3245 2029 3323 replet.
2117 3241 2284 3338 Ripa,
2325 3245 2552 3306 formae

336 3333 517 3424 inl-tn,
561 3331 855 3411 significat
894 3333 988 3402 icl,
1033 3331 1188 3407 quod
1220 3334 1592 3407 capacitatem
1630 3332 1883 3405 aliquam
1917 3331 2134 3405 replet,
2177 3348 2229 3385 v.
2266 3349 2314 3386 c.
2353 3334 2553 3411 pugil-

335 3398 487 3486 lum,
533 3412 674 3471 Coh.
710 3417 771 3486 4,
800 3419 859 3472 6.
911 3418 1086 3474 Amos
1116 3417 1176 3486 6,
1206 3416 1262 3472 8.
1349 3413 1476 3475 :ar-7
1522 3414 1716 3487 orbis,
1766 3433 1847 3470 sc.
1881 3423 1973 3471 est
2009 3413 2218 3485 susae,
2263 3417 2416 3492 quod
2457 3427 2553 3475 est

333 3499 725 3573 repetendum.
808 3499 918 3557 Est
950 3510 1141 3557 autem
1177 3496 1307 3577 ἔξω
1344 3480 1509 3555 orbis
1544 3496 1903 3600 habitabilis,
1941 3498 2262 3579 οἰκουμένη
2303 3499 2550 3559 Graecis

334 3581 525 3682 dicta?
575 3601 752 3657 quare
786 3595 845 3641 et
880 3583 936 3642 h.
968 3587 1005 3641 l.
1048 3586 1244 3642 atatim
1278 3585 1541 3659 sequitur
1571 3584 1639 3641 de
1671 3585 1793 3658 ejus
1822 3583 2047 3641 incolis.
2131 3592 2275 3665 ’γ’-*κ
2313 3591 2373 3640 et
2417 3582 2575 3648 ban-

332 3666 448 3721 sibi
485 3667 734 3723 invicem
771 3670 1152 3744 respondent3
1191 3665 1712 3757 ef.50‚12.··72
1756 3666 1937 3759 ³23?ss
1983 3665 2068 3723 Ee
2112 3685 2307 3724 omnes
2343 3670 2447 3745 qui
2481 3672 2549 3726 in

330 3765 403 3805 ea
444 3748 739 3808 habitant.
825 3752 1201 3830 participium
1249 3753 1490 3827 ponitur
1529 3753 1590 3808 in
1629 3733 1946 3832 regimine,
2006 3753 2143 3827 quia
2184 3751 2543 3814 substantivi

327 3842 595 3891 naturam
646 3836 873 3909 induit,
944 3853 1300 3914 sequensque
1356 3855 1520 3912 pron.
1580 3848 1670 3896 π’·
1723 3835 1901 3906 hahet
1948 3838 2236 3893 rationem
2297 3840 2544 3896 alterius

327 3918 717 4020 substantivi,
774 3931 841 3977 ut
883 3921 972 3976 l’s.
1010 3925 1071 3995 2,
1107 3924 1200 3979 12.
1245 3923 1313 3980 ¹1:
1360 3925 1533 3983 ὌῚΠ.
1590 3951 1680 3964 ·--
1734 3926 1795 3981 2.
1852 3930 2013 4006 mv}
2049 3949 2139 3962 —-
2176 3933 2249 3998 '³2
2294 3919 2445 3978 Nam
2486 3926 2545 3981 is

327 4017 521 4077 cupra
558 4006 756 4062 muria
782 4003 1084 4076 fundavit
1125 4024 1288 4079 eam,
1345 4006 1577 4091 ipsigne
1618 4007 1850 4063 «livinae
1891 3983 2187 4079 potentiae
2229 4022 2547 4084 argumen-

327 4092 468 4140 tum.
552 4088 925 4146 Aedificaturi
972 4089 1230 4148 homines
1276 4106 1510 4163 operam
1555 4091 1729 4163 dant,
1794 4099 1862 4146 ut
1899 4087 2274 4147 fundamenta
2318 4102 2546 4166 ponant

324 4168 406 4224 in
429 4169 558 4228 loco
599 4171 790 4228 solido
835 4183 896 4229 et
937 4175 1210 4249 immot03
1274 4185 1481 4234 contra
1522 4185 1714 4233 autem
1753 4173 1913 4234 Deus
1952 4182 2170 4230 tantam
2215 4174 2375 4234 orbis
2412 4196 2549 4234 ma·

320 4249 558 4401 31:²32an
607 4260 1000 4333 superstruxit
1044 4261 1193 4319 mari
1238 4278 1307 4320 ac
1350 4259 1709 4323 fluminibus.
1797 4258 1887 4319 Cf.
1945 4256 2020 4318 ad
2073 4259 2185 4333 18,
2233 4263 2332 4322 16.
2396 4263 2536 4321 coll.

457 4377 476 4409 ‚
560 4374 578 4397 .
