2747 4800
999 263 1123 329 Pe.
1172 258 1295 348 42,
1361 282 1420 324 ι.
1471 259 1554 368 2⁴..
1857 215 1902 372 ¹!
2165 297 2172 310 ν
2222 256 2367 329 281

178 457 233 507 et
276 444 609 506 Eucmonn
651 446 715 502 in
748 442 858 505 der
887 443 1133 505 Einleie.
1161 445 1236 520 in,
1259 443 1368 502 das
1403 443 1476 503 A.
1511 440 1581 502 Τ.
1623 441 1690 501 Ρ.
1719 442 1821 503 111.
1867 462 1921 521 p.
1947 446 2095 504 408.
2142 446 2232 504 ed.
2267 463 2380 504 sec.

179 533 436 593 psalmos
479 533 614 587 illos
657 548 778 587 non
831 549 866 588 a
904 530 1130 590 Davide
1175 531 1524 606 compositos
1564 528 1865 603 Judieavit.
1945 529 2073 587 Iam
2116 550 2256 588 vero
2302 530 2377 587 ad

175 628 441 677 nostrum
467 613 560 670 Pa.
591 614 742 691 quod
772 617 1003 687 attinet,
1051 634 1227 692 quum
1260 634 1291 671 e
1323 614 1411 671 Pa.
1439 616 1544 680 23..
1574 617 1613 671 6
1632 644 1716 658 -
1735 616 1792 670 8.
1838 616 1942 687 27,
1969 618 2028 671 4.
2064 627 2123 674 et
2152 614 2248 672 Pa.
2278 616 2378 673 63.

176 703 422 777 aliisque
475 697 630 755 haud
688 699 859 757 dubie
912 698 1215 757 Davidicis
1270 699 1622 762 carminibus
1680 700 1826 756 satis
1869 709 2097 775 pateat,
2163 708 2379 776 quanto

178 785 371 845 David
420 785 574 840 sacri
622 795 818 841 coetus
866 784 1151 843 desiderio
1196 785 1502 859 studioque
1552 783 1849 864 migrarit,
1914 784 1984 841 de
2026 802 2140 860 quo
2181 786 2380 844 eodem

178 881 238 928 et
284 870 382 927 hic
426 869 688 926 psalmus
732 871 927 938 canit3
989 887 1275 946 quumque
1322 879 1618 943 praeterea
1660 868 1829 941 hujus
1872 870 2145 927 carminis
2181 868 2278 927 Vs.
2313 873 2374 929 7.

177 953 413 1025 Davidi‚
457 971 651 1009 coram
681 954 974 1027 Absalom,
1011 955 1157 1027 filio,
1193 953 1465 1032 fugienti,
1506 955 1760 1029 apprime
1792 964 2112 1033 congruat3
2162 974 2271 1035 ego
2304 955 2380 1014 ad

176 1038 328 1097 banc
371 1041 657 1113 perducor
704 1040 1070 1113 opinionem,
1140 1048 1368 1114 poetam
1425 1039 1706 1111 quendam
1756 1035 2051 1095 Coraitam
2097 1059 2216 1097 non
2260 1050 2382 1098 tam

175 1142 282 1181 sua
328 1124 544 1198 ipsius,
605 1140 775 1199 quam
821 1124 926 1180 sub
964 1121 1211 1180 Davidis
1251 1122 1447 1196 potius
1487 1140 1732 1196 persona
1773 1120 1870 1179 hic
1912 1141 2132 1181 canere.
2218 1125 2381 1192 Quae

176 1209 511 1286 conjectura
551 1209 936 1264 commendari
978 1207 1208 1265 videtur
1248 1226 1352 1276 eo,
1408 1208 1560 1280 quod
1599 1206 1689 1263 Ps.
1721 1205 1854 1278 84„
1902 1208 2002 1282 qui
2049 1210 2245 1267 itidem
2288 1219 2379 1267 est

176 1291 541 1363 Cornicinus,
604 1303 664 1348 et
705 1304 1106 1372 argumentum
1150 1291 1321 1349 habet
1362 1309 1489 1346 cum
1536 1301 1737 1347 nostro
1783 1307 2018 1364 prorsus
2063 1313 2381 1365 commune,

175 1375 379 1434 Versu*
412 1377 508 1432 10.
565 1375 778 1435 diserte
837 1394 1035 1453 regem
1097 1385 1424 1451 precantem
1482 1374 1723 1432 inducit.
1809 1374 2129 1454 Utrumque
2191 1390 2382 1436 autem

176 1459 503 1531 Palmum,
558 1470 615 1517 et
658 1460 845 1532 hunc,
889 1473 946 1518 et
988 1465 1124 1534 84„
1188 1462 1257 1518 ad
1298 1460 1400 1516 illa
1433 1469 1693 1535 tempora
1724 1462 2046 1536 pertinere,
2106 1483 2235 1521 cum
2284 1484 2382 1541 per

173 1543 458 1602 Davidem
490 1563 685 1601 omnes
717 1548 1073 1605 ceremoniae
1108 1556 1300 1601 essent
1331 1547 1670 1617 restitutae,
1730 1545 1986 1620 festaque
2012 1551 2129 1621 jam
2160 1550 2382 1625 pridem

174 1631 475 1705 coeperint
514 1630 688 1707 digne
725 1632 1039 1704 celebrari,
1080 1630 1299 1708 legenti
1338 1631 1483 1685 satis
1525 1631 1779 1705 patebit,
1837 1639 1897 1686 et
1936 1633 2037 1704 8-1,
2071 1636 2128 1692 8.
2176 1634 2383 1690 Zionis

175 1732 448 1789 expressa
493 1713 661 1770 facta
692 1726 780 1772 est
823 1719 1063 1774 mentio.
1146 1715 1241 1772 Ex
1278 1715 1486 1790 quibus
1532 1715 1798 1772 omnibus
1841 1717 2012 1773 simul
2057 1719 2383 1790 conficitur,

173 1798 562 1856 infortunium
596 1801 778 1871 illud,
823 1799 890 1856 d'e
921 1818 1035 1876 quo
1063 1809 1333 1879 questus,
1377 1817 1450 1855 ex
1486 1809 1686 1855 nostra
1719 1802 2042 1872 sententia,
2089 1805 2384 1860 inducitur

172 1881 266 1940 bic
296 1882 576 1954 Davides,
622 1885 885 1961 quodque
915 1905 1043 1942 eum
1080 1904 1116 1941 a
1147 1885 1329 1940 sacris
1363 1882 1539 1940 Jovae
1575 1884 1909 1955 abstineret,
1955 1881 2131 1946 fuisse
2162 1888 2382 1967 fugam,

174 1979 527 2045 quapropter
570 1969 676 2026 filii
727 1972 1183 2043 conjurationem
1230 1970 1384 2025 vitae
1443 1980 1501 2024 et
1556 1969 1733 2024 saluti
1791 1973 2090 2029 consulere
2148 1984 2381 2029 coaetus

172 2065 338 2125 erat,
384 2052 453 2108 de
485 2073 597 2129 qua
629 2054 841 2113 2Sam.
882 2055 976 2125 17,
1009 2055 1109 2110 22.
1144 2072 1267 2127 sqq.
1352 2052 1431 2110 Et
1468 2051 1666 2109 forsan
1702 2074 1769 2110 co
1803 2055 2090 2127 tempore,
2133 2077 2244 2134 quo
2286 2058 2384 2113 illa

173 2095 427 2209 accidit,
486 2157 662 2195 unum
712 2139 992 2218 agebatur
1034 2158 1108 2195 ex
1154 2139 1477 2214 praecipuis
1520 2137 1637 2193 illis
1683 2137 1881 2210 festis,
1944 2143 2150 2215 quibus
2191 2144 2385 2225 cuncti

172 2219 483 2279 Israelitici
519 2241 704 2280 mares
749 2223 820 2281 ad
855 2226 1078 2297 locum,
1123 2225 1180 2281 in
1218 2242 1330 2297 quo
1364 2217 1543 2278 fixum
1575 2233 1699 2279 erat
1735 2225 2197 2299 tabernaculum,
2244 2244 2386 2280 con-

168 2305 524 2378 veniebant,
578 2307 689 2366 Ex.
726 2310 829 2380 23,
868 2309 958 2365 14.
990 2328 1145 2386 seqq.
1231 2309 1422 2375 Quum
1469 2309 1660 2382 itaque
1702 2326 1869 2365 nemo
1914 2313 2099 2387 magis
2141 2310 2387 2380 arderet,

168 2389 322 2449 festa
358 2388 535 2450 Jovae
568 2394 876 2468 celebrare,
921 2413 1040 2452 non
1072 2394 1265 2470 potuit
1299 2393 1428 2470 regi
1467 2394 1560 2468 pio
1595 2412 1711 2450 non
1741 2393 2211 2453 molestissimum
2240 2414 2387 2466 esse,

171 2476 232 2532 id
270 2477 392 2533 sibi
426 2479 665 2535 minime
703 2481 892 2536 licere.
979 2478 1148 2547 Quod
1188 2480 1547 2535 occasionem
1593 2478 1813 2536 dedisse
1856 2480 2084 2536 videtur
2115 2480 2390 2551 Comitis,

170 2571 235 2617 ut
268 2562 467 2638 plures
499 2561 756 2620 Psalmos
788 2561 897 2621 hae
925 2563 993 2622 de
1025 2584 1087 2622 re
1120 2574 1560 2638 componerent,
1612 2565 1672 2621 in
1705 2565 1910 2638 quibus
1945 2567 2100 2643 regis
2133 2585 2388 2621 summo·

168 2663 308 2720 pere
354 2645 574 2703 adflicti
616 2659 852 2723 questus
886 2659 945 2704 et
982 2667 1176 2724 preces
1216 2648 1641 2720 exprimerent,
1703 2659 1872 2725 atque
1904 2668 1970 2704 ea
2005 2652 2262 2706 carmina
2296 2650 2389 2703 vel

170 2730 279 2787 illo
324 2732 455 2806 ipso
497 2743 784 2808 tempore,
826 2735 919 2791 vel
952 2729 1348 2809 postmodum,
1393 2732 1453 2789 in
1486 2734 1714 2789 illarum
1751 2733 2140 2807 calamitatuni
2177 2752 2389 2791 memo-

166 2815 363 2886 riam,
422 2817 575 2872 inter
614 2835 778 2875 sacra
819 2819 1209 2875 decantarent.
1293 2816 1429 2874 Non
1472 2819 1598 2874 sine
1646 2818 1839 2893 aliqua
1881 2819 2006 2873 veri
2048 2819 2232 2892 speeie
2280 2827 2389 2887 est,

170 2901 330 2973 quod
378 2902 617 2973 conjicit
660 2901 896 2961 PAULUS
938 2904 1000 2960 in
1037 2900 1209 2958 Cluvi
1252 2902 1565 2975 arrisitquc
1613 2911 1672 2957 et
1711 2899 1808 2956 Dm
1840 2898 2137 2974 Wer'rlo,
2194 2899 2394 2958 haberi

165 2980 265 3041 hic
315 2986 546 3063 elegum
589 2987 941 3060 sacerdotis,
999 2987 1099 3063 qui
1136 2987 1272 3042 exul
1312 2986 1514 3062 procul
1551 3004 1587 3041 a
1626 2986 1835 3060 templo
1879 2998 2207 3042 versarctur
2241 2988 2394 3043 iuter

168 3070 561 3149 alienigenas,
600 3074 700 3148 qui
733 3073 844 3149 ipsi
879 3073 951 3129 ob
982 3071 1253 3130 fiduciam
1291 3063 1533 3145 in,Jova
1571 3072 1817 3147 positam
1853 3066 2180 3127 illuderent.

355 3240 423 3296 2.
512 3236 721 3314 Canit‚
787 3259 850 3298 se
888 3242 1018 3318 plus
1061 3260 1230 3319 quam
1288 3238 1455 3298 effari
1500 3240 1718 3317 possit,
1787 3249 2053 3296 aestuare
2111 3238 2395 3298 desiderio

168 3325 443 3384 adeundi
468 3343 694 3383 sacrum
730 3338 988 3398 coetum,
1049 3327 1373 3402 festumque
1415 3345 1540 3384 eum
1579 3326 1691 3397 piis
1728 3322 1956 3403 agendi.
2043 3326 2172 3393 Quo
2204 3334 2397 3382 tannen

169 3412 441 3481 indicet,
494 3421 771 3487 quantum
805 3410 1014 3487 fuerit,
1070 3411 1294 3468 confert
1337 3411 1479 3468 illud
1516 3428 1719 3467 cervae
1758 3410 2067 3489 glocitanti
2102 3429 2237 3486 prae
2273 3411 2396 3481 siti,

170 3513 309 3555 eum
350 3494 547 3553 inhiat
580 3496 651 3553 ad
688 3496 1098 3573 profluentem:
1143 3492 1357 3556 1:³⁸2&
1390 3527 1461 3538 —-
1495 3491 1660 3586 33¹⁸&-
1708 3493 2013 3568 Tanquam
2053 3513 2231 3551 cerva
2271 3495 2399 3569 glo-

170 3583 386 3652 citat‚
444 3578 679 3637 inhians
716 3582 1088 3659 profluenti,
1147 3582 1239 3637 sic
1275 3577 1476 3637 aiiima
1517 3561 1658 3635 mea⁸
1683 3579 1942 3655 glocitat
1985 3579 2244 3637 inhians
2266 3578 2402 3651 tibi,

171 3662 374 3724 Deus.
418 3664 558 3724 Non
583 3667 773 3722 minus
801 3668 966 3723 sitire
997 3686 1057 3721 se
1084 3665 1271 3722 Deum
1299 3665 1462 3737 dicit,
1490 3681 1659 3741 quam
1691 3667 1876 3720 soleat
1907 3682 2098 3736 cerva,
2129 3663 2403 3720 infestata

169 3752 467 3823 anilium
523 3764 646 3806 tum
689 3751 842 3807 enim
882 3752 1248 3826 cupidissime
1281 3750 1354 3805 ad
1388 3768 1563 3826 aquas
1598 3748 1865 3828 fugiunt,
1906 3760 2142 3825 propter
2176 3761 2397 3805 aestum

172 3845 361 3912 atque
401 3833 738 3892 anhelitum.
824 3835 1047 3894 Nomen
1091 3831 1212 3896 b'&
1261 3836 1638 3911 conjungitur
1680 3833 1738 3890 h.
1769 3832 1808 3888 l.
1837 3848 1969 3890 cum
1997 3836 2174 3891 verbo
2208 3833 2401 3889 femin.

169 3920 427 4007 ”ngr-³,
489 3921 626 3995 quia
660 3939 869 3977 nomen
903 3932 993 3976 est
1026 3922 1269 3995 speciei,
1327 3919 1583 3995 adeoque
1625 3920 1853 3998 generis
1892 3920 2229 3975 communis.
2312 3916 2404 3972 Dc

174 3984 369 4062 verbo
412 4014 562 4089 ΓΦ,
619 4002 772 4079 quod
804 4016 1031 4080 praeter
1066 4005 1123 4060 h.
1148 4007 1186 4062 1.
1220 4002 1397 4087 semel
1435 4004 1830 4060 tantummodo
1864 4006 2151 4074 occurrit,
2200 4020 2403 4077 nempe

174 4072 724 4160 ,Ιοε1.1,2ὗ,ιι1)ἰ
758 4089 829 4146 de
860 4091 1062 4146 bestiis
1095 4090 1245 4169 agri,
1282 4106 1385 4143 seu
1416 4090 1819 4162 sylvestribus,
1847 4087 2297 4144 vociferantibus
2332 4085 2404 4143 ob

170 4173 349 4228 rivos
385 4190 666 4249 aquarum
705 4176 1063 4245 exsiccatos,
1114 4176 1363 4243 dicitur,
1416 4174 1638 4254 egimus
1682 4173 1754 4229 ad
1793 4172 2121 4229 Bocuxu'rt
2153 4169 2407 4229 Hier-oz.

176 4255 251 4312 T.
280 4256 363 4314 11.
403 4276 457 4332 p.
484 4258 627 4313 241.
661 4268 784 4314 not.
815 4263 906 4325 (5.;
949 4259 1018 4315 de
1054 4271 1310 4316 veterum
1341 4257 1705 4313 versionibus
1733 4258 2058 4328 disputavit
2083 4254 2407 4313 Bochai-tus

172 4338 323 4399 ibid.
356 4360 415 4417 p.
442 4342 587 4401 239.
645 4340 736 4399 De
767 4356 931 4429 ῥῆξις
961 4343 1148 4416 alveo,
1191 4357 1336 4415 tum,
1369 4350 1642 4398 torrente
1675 4344 1824 4417 ipso,
1869 4340 1985 4397 vid.
2018 4341 2092 4399 ad
2126 4342 2224 4412 18,
2258 4342 2351 4397 16.
