2747 4800
338 268 439 343 46
514 210 525 231 κ
1041 222 1282 365 Pas,
1323 273 1389 338 8.
1438 295 1507 364 9.
1619 277 1742 343 P..
1789 272 1860 342 5.

266 422 277 441 ὅ
342 466 443 547 Ὴῖι
477 458 891 533 frumentum,
943 470 1001 517 et
1039 460 1256 541 &rvr-'g
1297 459 1531 531 vinum,
1585 458 1721 516 addi
1762 464 1946 546 '55:523
1992 456 2207 530 oleum,
2267 455 2342 514 cf.
2385 455 2560 515 Dent.

343 547 448 618 28,
485 545 585 601 51.
629 543 771 601 Hos.
805 546 877 619 2,
921 548 1016 607 10.
1100 543 1271 601 Haud
1318 546 1485 621 pauci
1528 552 1719 601 tamen
1764 544 1906 599 illud
1954 540 2410 601 additamentum
2450 560 2561 618 pro

232 699 241 707 ,
345 634 541 710 glossa
583 628 796 686 hahent
841 648 878 685 a
925 632 1132 687 scribis
1174 628 1425 701 factum,
1493 641 1667 706 atque
1721 629 1863 685 adeo
1909 646 1982 684 ex
2023 627 2147 702 ipsa
2186 625 2355 684 Alex.
2395 626 2560 684 Vers.

341 714 772 772 eliminandum.
855 715 1111 773 Omnino
1139 733 1281 771 vero
1316 714 1414 770 hic
1441 710 1713 772 monendi
1747 721 1884 768 sunt
1911 714 2167 778 tirones,
2207 731 2281 769 ne
2317 714 2370 769 si
2408 711 2562 769 forte
2594 770 2599 785 ,

341 800 556 857 alicubi
588 800 649 854 in
677 797 836 858 Vers.
868 802 1031 857 Alex.
1064 801 1400 856 invenerint
1430 799 1628 869 verba,
1670 798 1878 872 quibus
1919 794 2065 853 nihil
2109 796 2453 871 respondeat
2497 798 2562 852 in

340 885 507 942 libris
538 881 764 954 hebrr.‚
810 884 948 941 hinc
984 885 1181 941 statim
1213 884 1528 963 colligant,
1566 884 1830 947 auctores
1864 880 2034 957 hujus
2064 883 2349 938 versionis
2384 882 2562 937 aliam

341 976 618 1043 sequutos
665 986 789 1026 esse
834 971 1152 1027 lectionem.
1242 966 1325 1025 Ut
1369 971 1526 1025 enim
1570 967 1655 1023 nil
1701 966 1889 1024 dicam
1937 967 2007 1021 de
2054 968 2206 1023 mala
2249 965 2562 1022 sedulitate

341 1054 861 1128 interpolatorum,
907 1055 1291 1128 interpretum
1334 1054 1595 1128 ipsorum
1640 1050 1737 1107 hic
1777 1051 2013 1107 videtur
2052 1049 2233 1106 fuisse
2272 1068 2434 1123 mos,
2491 1059 2561 1106 ut

339 1138 579 1196 verbum
616 1155 794 1196 unum
824 1147 999 1215 atque
1025 1140 1271 1196 alterum
1298 1136 1579 1194 adderent
1605 1154 1679 1193 ex
1712 1136 1845 1191 aliis
1879 1136 2020 1191 locis
2048 1135 2356 1192 similibus.

511 1253 570 1312 9.
656 1254 902 1322 Quando
947 1253 1101 1312 enim
1142 1263 1202 1311 te
1238 1253 1557 1330 propitium
1598 1249 1818 1323 habeo,
1875 1249 2022 1307 nihil
2063 1249 2206 1307 mihi
2243 1251 2559 1310 timendum

340 1350 461 1397 est:
508 1337 722 1407 Quiete
773 1339 951 1396 simul
992 1336 1135 1396 cubo
1185 1348 1248 1394 et
1284 1338 1544 1409 dormio,
1586 1355 1721 1394 nam
1758 1344 1868 1408 tu,
1905 1333 2083 1408 Jova,
2124 1335 2284 1393 solus
2326 1354 2411 1409 es,
2456 1338 2562 1415 qui
2659 1396 2666 1401 ,

340 1442 428 1496 me
468 1424 530 1479 s‘n
578 1431 710 1479 tuto
755 1422 1051 1480 collocas!
1133 1419 1335 1482 nibuiz
1380 1423 1443 1478 in
1475 1439 1657 1500 pace,
1706 1421 1831 1476 sine
1859 1431 2039 1481 metu.
2106 1418 2196 1477 De
2226 1439 2368 1478 voce
2411 1433 2564 1500 ΠΠζ

342 1507 549 1578 simul,
593 1507 887 1565 dissensus
920 1518 1023 1563 est.
1108 1490 1285 1564 Alii:v
1320 1488 1448 1564 'cum
1491 1506 1644 1578 illis,
1683 1503 1947 1562 hostibus
1978 1505 2152 1576 meis,
2195 1522 2248 1580 q.
2279 1504 2330 1560 d.
2369 1488 2559 1563 adl'uic

340 1595 546 1669 cupio,
592 1609 709 1647 una
743 1611 868 1649 cum
907 1593 1026 1647 illis
1063 1609 1201 1667 pace
1234 1590 1389 1663 frui3
1452 1600 1593 1647 tunc
1628 1608 1802 1660 vero,
1841 1608 1970 1646 eum
2013 1588 2161 1645 nibil
2207 1590 2350 1659 erit,
2400 1588 2558 1667 quod

343 1677 534 1734 somni
574 1677 688 1731 mei
734 1677 1217 1750 tranquillitatem
1266 1675 1599 1749 perturbet,
1673 1682 1976 1750 postquam
2003 1674 2092 1730 *ad
2137 1692 2227 1730 me
2273 1672 2556 1733 redierint

338 1759 538 1819 hostes
587 1761 739 1832 mei,
804 1760 1025 1816 cubabo
1067 1777 1135 1815 ac
1175 1776 1376 1816 secure
1416 1759 1718 1816 dormiam.
1802 1760 1920 1816 Alii
1953 1758 2028 1825 ad
2076 1755 2323 1815 Davidis
2362 1760 2555 1815 socios

338 1844 636 1903 referunt:
692 1845 867 1901 simul
909 1862 1039 1900 cum
1068 1844 1269 1913 vobis,
1313 1861 1717 1900 aerumnarum
1747 1861 2006 1900 mearum
2040 1844 2231 1903 sociis.
2316 1840 2433 1899 Sed
2467 1852 2560 1900 est

337 1927 647 2005 poti-:sita
675 1928 1042 2004 capiendum:
1082 1925 1302 1984 cubabo
1336 1926 1513 1983 sinaut
1538 1935 1597 1982 et
1634 1928 2002 2003 requiescam
2038 1928 2382 2004 tranquille3
2434 1945 2557 1983 non

338 2015 527 2069 solum
565 2013 820 2083 cubabo,
878 2011 977 2068 sed
1022 2012 1198 2068 simul
1242 2012 1417 2067 etiam
1460 2008 1777 2082 dormiam,
1819 2030 1919 2087 per
1958 2009 2287 2088 emphasin,
2334 2021 2401 2069 ut
2441 2011 2559 2070 Jes.

336 2098 444 2165 42,
485 2097 578 2153 14.
623 2108 735 2173 *m*
779 2093 1000 2178 ηξῐιέιξςπ
1042 2089 1193 2178 ῦὶιξξ
1236 2095 1525 2174 spiritum
1561 2093 1737 2151 traho
1783 2106 1843 2152 et
1884 2094 2088 2154 anhelo
2127 2094 2317 2153 simul.
2395 2089 2558 2157 ’Μ’-’.5

336 2180 496 2237 solus
540 2191 678 2237 suut
707 2164 811 2256 ‘qui
844 2164 917 2235 ad
949 2161 1234 2236 Uavidem
1267 2178 1556 2252 referant,
1606 2179 1716 2236 hoc
1744 2178 1949 2237 modo:
2000 2190 2067 2237 tu
2115 2198 2203 2236 me
2244 2162 2471 2237 secure'
2491 2162 2559 2236 ἒὶ

336 2264 466 2321 sine
505 2272 664 2320 metu
706 2264 923 2337 solum,
968 2264 1023 2320 h.
1051 2284 1100 2320 e.
1130 2265 1412 2334 seorsim,
1454 2262 1608 2319 domi
1642 2281 1840 2332 meae,
1885 2266 2012 2323 sine
2047 2282 2330 2322 concursu
2364 2263 2559 2320 homi-

241 2398 255 2408 ,
335 2367 497 2420 num,
544 2368 613 2405 ne
645 2367 788 2425 opus
818 2351 917 2421 sit,
964 2351 1025 2406 in
1058 2349 1359 2425 procinctu
1391 2358 1566 2419 stare,
1613 2356 1673 2404 et
1710 2351 2058 2430 congregari
2095 2358 2301 2406 contra
2332 2346 2555 2421 hostes,

336 2434 542 2490 sedere
572 2432 808 2506 facies,
850 2446 917 2490 ut
947 2436 1006 2490 in
1039 2453 1162 2509 spe,
1206 2451 1253 2488 s.
1284 2433 1490 2490 sedere
1511 2431 1716 2505 sacis,
1760 2444 1826 2490 ut
1861 2437 1922 2492 in
1949 2436 2270 2514 gratiarum
2302 2434 2557 2490 actione.

336 2518 452 2575 Sed
500 2529 755 2594 praestat
791 2519 861 2575 ad
902 2516 1089 2575 Deum
1125 2516 1376 2591 referre,
1422 2516 1535 2575 hoc
1575 2535 1781 2575 sensu:
1833 2529 1895 2576 tu
1938 2520 2101 2576 solus
2143 2538 2233 2574 me
2278 2518 2348 2576 ab
2394 2519 2561 2575 omni

332 2600 587 2660 hostium
616 2614 771 2662 metu
805 2624 895 2660 me
932 2603 1235 2674 liberabis;
1283 2603 1393 2660 tibi
1436 2603 1547 2657 soli
1593 2599 1702 2659 hoc
1747 2603 2085 2660 beneficium
2124 2613 2422 2678 acceptum
2459 2622 2558 2662 re-

328 2687 493 2759 fero,
573 2686 728 2766 quod
778 2687 1133 2746 confidenter
1174 2695 1233 2743 ct
1279 2688 1406 2743 sine
1454 2696 1611 2742 metu
1660 2687 1865 2745 mediis
1913 2691 1976 2745 in
2017 2687 2559 2765 perturbationibus

332 2769 593 2828 habitare
623 2774 860 2847 possim.
942 2773 1201 2853 ’ςῳιιρἢιη
1239 2766 1419 2858 ηερξξ
1464 2766 1541 2826 In
1584 2775 1985 2847 securitatem,
2028 2789 2231 2830 secure
2273 2769 2558 2830 habitare

333 2874 421 2913 me
441 2855 646 2930 facis,
690 2867 758 2913 ut
785 2855 959 2914 Deut.
988 2857 1092 2931 25,
1127 2857 1220 2913 18.
1263 2853 1384 2913 Jcr.
1419 2856 1523 2928 49,
1554 2856 1653 2912 31.

1322 3042 1436 3103 Ps.
1493 3041 1554 3104 5.

499 3159 781 3219 Precatur
806 3159 1015 3234 Deum,
1058 3169 1126 3219 ut
1153 3161 1224 3219 ab
1254 3161 1541 3235 hostibus,
1572 3160 1903 3220 hominibus
1935 3161 2221 3236 pessimis,
2266 3109 2556 3220 auxilium

236 3289 239 3294 «
332 3247 448 3305 sibl
477 3256 752 3322 praestet,
795 3265 1063 3322 spemque
1097 3249 1375 3321 concipit,
1417 3246 1562 3320 fore,
1594 3258 1659 3304 ut
1686 3247 1834 3304 Jova
1864 3247 2127 3321 precibus
2157 3247 2281 3302 suis
2309 3255 2555 3319 annuat,

332 3333 487 3408 quod
528 3333 688 3407 ipse,
747 3333 1179 3404 sanctissimus,
1234 3334 1431 3407 impiis
1487 3350 1798 3407 eorumque
1850 3331 2153 3388 conatibus
2199 3349 2321 3387 non
2365 3332 2557 3407 possit

330 3416 543 3473 favere.
592 3449 665 3458 —
715 3414 948 3472 Veteres
981 3413 1158 3473 Hehr.
1192 3417 1463 3496 magistri
1503 3415 1748 3487 docent,
1783 3414 1939 3472 hunc
1971 3413 2065 3471 Ps.
2099 3434 2135 3473 a
2161 3414 2388 3473 Davide
2421 3413 2554 3472 edi·

331 3510 457 3558 tum
500 3499 679 3558 fuisse
721 3500 998 3558 adversus
1042 3496 1309 3580 Doegum
1355 3510 1416 3556 et
1451 3497 1888 3579 Ahitophelem,
1947 3498 2143 3558 hostes
2188 3518 2341 3556 suos.
2428 3497 2553 3557 sed

329 3604 505 3663 quum
535 3584 772 3664 Doegus
812 3593 872 3641 et
903 3582 1212 3659 Ahitophel
1245 3586 1474 3643 diverso
1509 3594 1766 3661 tempore
1796 3583 2080 3641 Davidem
2112 3586 2418 3657 vexarint,
2471 3584 2553 3644 ad

331 3688 429 3726 eos
467 3688 617 3728 unus
650 3672 911 3745 idemque
943 3666 1035 3726 ΡΒ.
1066 3673 1356 3744 pertinere
1393 3688 1512 3726 non
1546 3678 1757 3743 potcst.
1842 3671 1962 3727 Alii
2005 3670 2078 3726 ad
2122 3669 2361 3726 Saulica
2398 3679 2552 3728 tem-

329 3770 476 3827 pora
513 3753 806 3825 referunt,
853 3753 948 3810 vel
975 3762 1197 3828 tempus
1232 3754 1669 3832 intelligentes,
1711 3773 1826 3831 quo
1856 3752 2084 3826 David,
2129 3747 2358 3826 Mizpae
2400 3773 2556 3812 exu-

325 3841 492 3911 lans,
543 3849 841 3914 perpessus
867 3839 1049 3894 multa
1083 3839 1154 3895 ab
1180 3838 1442 3897 hostibus
1470 3848 1590 3912 est,
1637 3840 1905 3915 inprimis
1936 3857 1972 3896 a
2001 3835 2227 3918 Doego,
2273 3836 2346 3896 ad
2381 3840 2553 3912 cujus

324 3922 552 3981 facinus
597 3922 854 3981 alludere
887 3922 1072 3984 videri
1110 3927 1296 3995 possit
1328 3922 1429 3980 Vs.
1461 3925 1521 3980 7.
1567 3927 1700 3984 coll.
1737 3923 1835 3982 Ps.
1864 3925 2001 3995 70„
2050 3925 2153 4001 qui
2194 3924 2256 3981 in
2299 3922 2554 3984 eundem

324 4009 490 4066 illum
552 4018 641 4066 est
699 4007 916 4078 factus;
995 4007 1090 4064 vel
1147 4007 1392 4067 Davidis
1457 4012 1964 4067 commorationem
2033 4010 2098 4066 in
2157 4010 2294 4065 aula
2354 4004 2552 4082 Sauli,

326 4095 535 4169 quippe
573 4111 688 4169 quo
737 4102 991 4165 tempore
1023 4093 1093 4149 ab
1123 4092 1384 4152 hostibus
1418 4095 1480 4151 in
1521 4097 1681 4153 omni
1717 4096 1845 4152 vita
1888 4103 1948 4152 et
1987 4094 2316 4151 actionibus
2361 4093 2553 4151 fuerit

324 4176 698 4246 observatus,
760 4187 933 4252 atque
975 4188 1337 4252 peccatorum
1381 4190 1442 4236 et
1484 4177 1916 4255 hypocritarum
1955 4175 2166 4259 ingens
2204 4177 2382 4235 fuerit
2427 4194 2550 4234 nu-

322 4279 537 4318 merus.
598 4261 712 4320 Sed
745 4262 986 4338 interpp.
1017 4261 1191 4343 longe
1221 4265 1480 4340 plerique
1512 4264 1894 4321 Absalonicae
1934 4263 2240 4342 seditionis
2278 4269 2545 4337 tempore
2581 4297 2588 4302 =

320 4342 475 4403 hunc
501 4345 623 4421 Ps.,
654 4356 721 4418 ut
751 4356 809 4405 et
837 4361 958 4421 eos,
993 4349 1092 4426 qui
1118 4349 1386 4428 proxime
1414 4357 1867 4432 praecesserunt,
1901 4349 2281 4428 compositum
2308 4355 2544 4428 patant.
