2747 4800
1014 288 1629 379 Ρ....ι39,9.3
2036 284 2405 363 ,ιιθιι

196 473 437 539 bretun-3
482 479 539 528 et
582 449 790 527 nomen
830 454 1063 546 proprie
1105 476 1293 531 somni
1336 473 1553 531 dieitur
1591 473 1772 551 quies.
1858 471 1946 530 Ad
1982 474 2217 532 verbum
2260 473 2401 561 τιζιέ

195 567 460 614 nostrum
496 555 670 648 ’τιέιιτρ
702 555 1060 613 referendum
1088 563 1315 616 monuit
1339 561 1461 633 jam
1492 560 1827 628 Aemines,
1873 559 1968 634 qui
1998 570 2163 641 τιέιᾮ,
2197 541 2405 634 inquit'.

198 642 402 712 „idem
435 647 554 712 est,
586 622 801 714 quod'
769 645 999 719 αργεία,
1042 645 1323 716 cessatio,
1364 644 1594 700 vacatio
1621 660 1720 699 seu
1751 644 1821 700 ab
1852 624 2263 714 ambulatione,
2305 662 2402 699 seu
2456 650 2464 660 ²

200 726 272 783 ab
322 744 509 801 opere.
595 723 727 782 Erit
771 744 912 805 ergo
951 746 1187 784 sensus.
1252 738 1318 784 tu
1367 727 1534 785 nosti
1587 727 1836 805 quietem
1885 743 2099 798 meam,
2164 745 2289 783 cum
2337 727 2408 783 ab

185 810 464 886 operibus
493 827 690 879 cesso,
750 830 935 888 neque
972 812 1192 887 aliquid
1217 805 1484 871 exterius
1522 826 1768 889 operor3
1829 821 1894 870 tu
1931 813 2089 867 nosti
2130 812 2269 867 item
2312 829 2408 867 re-

197 894 628 952 surrectionem
678 913 895 966 meam,
963 915 1089 954 cum
1141 898 1214 955 ad
1264 896 1647 974 operandum,
1709 914 1809 954 seu
1856 896 1929 954 ad
1971 897 2083 951 iter
2124 896 2409 975 agendum

195 981 509 1057 accingor;
568 979 677 1036 tibi
710 991 769 1038 et
801 982 910 1038 otii
941 983 1057 1037 mei
1093 990 1157 1038 et
1192 985 1423 1063 negotii
1457 984 1611 1038 ratio
1651 990 1911 1053 constat,
1964 995 2066 1055 per
2108 999 2254 1057 quae
2294 981 2407 1038 duo

185 1073 324 1121 tota
352 1065 477 1120 vita
500 1073 706 1120 nostra
734 1064 996 1139 ducitur-3
1033 1076 1137 1123 aut
1161 1070 1314 1124 enim
1341 1067 1524 1144 quieti
1552 1083 1773 1138 sumus,
1802 1074 1904 1122 aut
1933 1066 2160 1144 negotii
2189 1064 2412 1141 aliquid

185 1148 439 1226 agimus.
456 1148 496 1180 “
579 1145 770 1208 Verba
816 1146 967 1213 ’δήὸ
1026 1163 1197 1238 πτῆξε
1242 1149 1670 1210 Alexandrinus
1716 1148 1969 1207 reddidit
2025 1145 2102 1210 σὺ
2155 1148 2410 1228 συνῆκας

192 1254 337 1303 τους
376 1226 805 1312 διαλογισμούς
843 1256 995 1310 μου,
1049 1214 1370 1315 vulgatus:
1407 1233 1760 1292 &tenuisti
1795 1235 2196 1311 cogitationes
2235 1252 2411 1304 meas,

194 1335 305 1374 nec
340 1319 510 1374 aliter
537 1319 739 1395 Syrus.
812 1319 1038 1378 Nomen
1069 1327 1154 1399 ζῆ
1186 1320 1322 1379 illos
1348 1323 1693 1396 interpretes
1724 1328 1962 1395 apparet
1987 1318 2410 1398 significatione

192 1401 586 1478 cogitationis
628 1406 935 1480 accepisse,
979 1424 1056 1466 ex
1081 1385 1475 1475 Chaldaismo,
1523 1422 1637 1492 quo
1672 1411 1807 1497 ruffi
1840 1403 2164 1504 cogit-avit,
2203 1403 2411 1472 voluit,

198 1485 475 1559 denotat;
558 1505 694 1544 nam
743 1490 902 1545 sicut
955 1491 1100 1547 alias
1148 1487 1423 1547 Chaldaei
1460 1470 1856 1548 Hebraeorum
1903 1500 1952 1548 κ
1996 1490 2060 1546 ἰιι
2100 1502 2143 1552 5
2188 1498 2412 1547 mutare

196 1572 407 1642 solent,
453 1573 537 1629 ita
568 1582 627 1628 et
653 1591 759 1648 pro
796 1583 939 1634 πιζἿ
973 1574 1161 1630 voluit
1201 1582 1489 1650 usurpant
1518 1581 1670 1633 &55-
1753 1571 2150 1638 Hebraeorum
2181 1590 2412 1652 quoque

195 1653 481 1734 philologi
522 1663 789 1714 nostrum
831 1668 921 1736 ζῆ
960 1660 1255 1734 explicant
1292 1639 1653 1716 voluntatem
1698 1665 1762 1713 et
1803 1656 2243 1734 cogitationem.
2312 1657 2414 1716 Sic

195 1738 359 1796 infra
394 1740 490 1796 Vs.
527 1742 623 1797 17.
662 1739 773 1798 hoc
810 1744 995 1817 ipsum
1031 1739 1188 1800 redit
1221 1762 1449 1799 nomen.
1537 1741 1761 1799 Similis
1801 1742 2164 1821 significatus
2205 1759 2412 1798 secun-

197 1825 333 1882 dum
370 1823 734 1900 quorundam
773 1828 1155 1898 sententiam,
1210 1826 1316 1886 sul)
1352 1828 1474 1884 alia
1513 1826 1648 1883 licet
1685 1825 1909 1900 forma,
1972 1823 2415 1901 deprehenditur

197 1911 263 1966 in
300 1915 443 1966 vo'ce
489 1912 665 1999 ’βψ-ι
703 1920 760 1968 et
800 1920 995 2002 τὴν),
1040 1908 1183 1969 coh.
1223 1914 1280 1984 l,
1316 1912 1544 1969 1417.
1632 1908 1953 1967 Chaldaeus
1996 1920 2217 1983 tamen,
2262 1910 2416 1986 quod

135 2071 138 2072 ⁷
195 1995 450 2074 mireris,
491 2005 755 2052 nostrum
791 2003 882 2073 ξἾ
918 1977 1070 2071 cepit
1101 1996 1302 2066 amici,
1343 1993 1569 2052 sodalis
1606 1995 1960 2073 significatu,
2007 2013 2120 2070 quo
2153 1995 2215 2050 in
2244 1994 2311 2052 V.
2340 1993 2412 2052 ’1.

194 2078 662 2154 frequentissime
705 2081 977 2136 occurrit.
1061 2076 1257 2135 Vertit
1297 2081 1482 2155 enim:
1533 2079 1693 2136 nosti
1732 2078 2082 2148 societatem
2126 2096 2308 2135 meam
2351 2079 2412 2134 in

197 2162 450 2220 ecclesia
496 2169 620 2219 tua.
706 2163 876 2231 Quod
909 2163 1013 2219 alii
1045 2165 1296 2239 sequuti,
1331 2174 1534 2221 nostra
1559 2164 1735 2219 verba
1765 2164 1851 2220 sic
1882 2174 2211 2240 exponunt:
2252 2164 2415 2220 nosti

193 2248 451 2305 amicum
493 2265 711 2319 meum,
756 2264 804 2303 s.
836 2245 1091 2303 sodalem
1132 2265 1163 2322 e
1206 2247 1542 2326 longinquo.
1628 2246 1746 2305 Sed
1788 2247 2177 2325 cogitationis
2223 2248 2413 2304 notio-

196 2351 327 2389 nem
361 2331 416 2388 h.
436 2333 475 2388 l.
508 2332 719 2388 melius
748 2349 1088 2411 congruere,
1118 2351 1289 2409 quam
1318 2333 1513 2405 amici,
1541 2349 1708 2389 nemo
1738 2351 1857 2389 non
1887 2333 2063 2390 videt.
2122 2326 2159 2392 b
2192 2331 2413 2389 nomini

201 2427 316 2497 ’ζῆ
354 2418 744 2493 praepositum
777 2427 865 2473 est
899 2419 1215 2475 accusativi
1244 2428 1407 2488 nota,
1454 2427 1520 2475 ut
1551 2417 1764 2475 2Sam.
1795 2419 1855 2491 3,
1884 2419 1986 2473 30.
2035 2415 2291 2488 P·.135,
2319 2416 2410 2472 11.

195 2535 283 2547 —
327 2500 545 2590 ἋἿΠἾἉΞ
587 2502 641 2560 Α
681 2502 1020 2578 longinquo,
1068 2503 1291 2560 duobus
1325 2502 1514 2559 modis
1550 2511 1740 2577 potest
1778 2502 2050 2581 intelligi,
2092 2512 2177 2556 ut
2186 2491 2415 2576 longin-

198 2588 401 2665 quitas
443 2569 539 2644 vel
586 2588 872 2665 temporis
916 2587 1037 2659 sit,
1098 2587 1254 2668 quod
1299 2587 1479 2665 longe
1524 2595 1661 2645 ante
1712 2587 1972 2665 cogitata
2012 2596 2215 2644 nostra
2255 2583 2414 2642 Deus

201 2671 534 2749 intelligat,
587 2689 756 2748 quam
807 2672 1003 2728 animo
1045 2688 1279 2729 versare
1323 2673 1679 2746 coeperimus
1719 2666 1816 2744 (cf.
1857 2665 2258 2770 Je=.25‚1.)·;
2321 2669 2411 2726 vel

203 2757 352 2828 loci,
397 2759 439 2811 i.
473 2774 523 2811 e.
566 2755 636 2811 de
672 2755 904 2812 excelso
945 2754 1237 2811 coelorum
1271 2753 1641 2824 habitaculo,
1683 2764 1750 2811 ut
1776 2753 2178 2833 significetur,
2223 2754 2415 2809 inten-

203 2843 484 2898 tissimum
518 2842 815 2897 oculorum
848 2836 959 2896 Dei
992 2838 1171 2895 aciem
1205 2839 1367 2895 nullo
1402 2838 1592 2913 spatio
1626 2848 1730 2894 aut
1757 2840 1875 2895 loci
1904 2838 2215 2895 intervallo
2245 2836 2414 2893 hebe-

203 2927 351 2998 tari,
396 2924 496 2982 sed
535 2926 729 2981 omnia
759 2924 1087 3001 intelligere
1119 2939 1188 2979 ae
1220 2923 1472 2995 intueri,
1512 2931 1786 2998 tanquam
1823 2923 1875 2978 si
1908 2923 2178 2997 proxima
2208 2928 2417 2990 essent,

109 3064 112 3067 Α
203 3020 263 3067 et
304 3019 456 3066 ante¹
481 3010 679 3067 oeulos
723 3016 1124 3066 versarentur:
1185 3024 1331 3083 quae
1372 3008 1500 3083 ipsa
1532 3006 1823 3064 sententia
1863 3002 1956 3064 Pa.
1989 3007 2095 3078 33,
2132 3002 2418 3061 13—15.

205 3094 465 3172 pluribus
495 3108 766 3171 expressa
795 3101 900 3149 est.
970 3092 1165 3160 Quare
1197 3101 1255 3149 et
1283 3090 1473 3169 Syrus
1506 3089 1561 3149 h.
1593 3091 1637 3148 1.
1671 3088 1745 3149 ab
1772 3087 2004 3149 excelso
2046 3091 2248 3149 vertit.

373 3265 436 3321 3.
521 3262 733 3322 Vocem
783 3270 990 3353 vnis,
1039 3254 1312 3317 semitam
1354 3278 1570 3332 meam,
1628 3260 1832 3319 Aben-
1846 3259 1997 3318 Esra
2040 3270 2196 3318 recte
2237 3260 2331 3317 ire
2373 3279 2418 3316 s.

206 3347 504 3407 ambulare
548 3366 730 3405 meum
769 3327 1079 3423 exposuit,
1135 3345 1230 3401 cui
1274 3347 1588 3420 opponitur
1631 3355 1788 3436 '’syn-¹
1832 3344 2169 3402 accubitum
2211 3363 2419 3415 meum,

206 3443 296 3490 est
331 3434 483 3488 enim
527 3452 631 3508 pro
678 3442 882 3526 ³2:25,
935 3434 1149 3489 iterum
1179 3426 1596 3489 Chaldaeorum
1640 3449 1835 3503 more,
1896 3431 2103 3507 quibus
2148 3440 2274 3522 ³9:35
2317 3448 2423 3506 pro

203 3515 472 3574 Hebraeo
501 3526 645 3603 72⁸!
678 3527 767 3574 est
782 3499 1090 3586 accubuit,
1119 3509 1275 3571 unde
1292 3511 1619 3573 Chaldaeus
1648 3515 1979 3583 recubitum
2010 3531 2193 3571 nasum
2204 3495 2422 3588 vertit,

209 3610 270 3658 et
331 3582 756 3693 Hieronymus:
831 3598 1273 3658 accubationem
1327 3617 1530 3657 meam.
1628 3600 2059 3658 Alexandrinus
2111 3619 2249 3658 vero
2303 3594 2415 3675 τὴν

209 3669 449 3762 σχοῖνόν
503 3704 622 3759 μου
675 3684 966 3753 reddidit,
1044 3682 1198 3759 quod
1241 3682 1525 3763 Vulgatus
1574 3682 1943 3757 funiculum
1977 3694 2161 3740 meum
2216 3687 2414 3744 vertit.

209 3770 497 3828 observat
539 3776 729 3825 autem
770 3767 1115 3836 AGELLmS,
1171 3771 1412 3847 σχοῖνον
1457 3768 1584 3826 h.1.
1628 3760 1960 3846 significare
2005 3770 2275 3826 semitam
2315 3789 2414 3826 seu

207 3854 606 3934 angustiorem
638 3853 812 3925 viam,
845 3861 901 3909 et
929 3853 1158 3928 quidem
1187 3862 1426 3925 rectam,
1444 3873 1529 3915 ex
1559 3872 1648 3926 eo,
1679 3854 1829 3931 quod
1860 3853 2135 3910 funiculis
2167 3858 2417 3911 extentis
2464 3856 2475 3863 ’

210 3940 343 3997 duci
384 3941 600 4009 soleat,
643 3940 890 3995 maxime
928 3939 989 3993 in
1023 3937 1204 4016 agris.
1290 3937 1478 4015 Syrus
1516 3939 1690 3996 etiam
1734 3937 1981 3995 hebraea
2024 3947 2210 4032 Ἶδζῧᾛ
2252 3951 2419 4000 ἿΠἾΝ

209 4020 369 4082 viam
411 4039 592 4081 meam
635 4032 695 4078 et
737 4023 1003 4095 semitas,
1041 4020 1308 4079 reddidit.
1394 4021 1701 4080 Rationem
1738 4040 1875 4080 vero
1919 4000 2088 4095 hujus
2118 4006 2422 4099 interpre-

97 4156 110 4168 .
212 4111 454 4167 tationis
489 4110 679 4166 fateor
705 4125 795 4164 me
829 4110 1118 4186 ignorare.
1181 4105 1428 4166 Verbum
1468 4118 1627 4169 ΠἿἾΤ
1664 4110 1824 4164 varie
1856 4109 2169 4183 explicant.
2226 4109 2415 4176 Quum

215 4204 340 4256 rw?
393 4195 542 4263 alias
596 4186 831 4251 denotet
883 4209 1209 4268 spargere,
1268 4176 1601 4262 ventilare,
1662 4191 2000 4248 ventilando
2058 4190 2196 4250 hinc
2252 4189 2416 4248 illine

213 4257 526 4350 dispicere,
575 4289 644 4335 ut
686 4276 859 4336 Prov.
895 4276 991 4349 15,
1017 4279 1073 4333 7.
1116 4278 1218 4349 20,
1247 4277 1304 4334 8.
1324 4294 1341 4352 3
1402 4288 1666 4335 nostrum
1710 4277 1894 4333 locum
1937 4276 2080 4335 bene
2124 4277 2291 4336 multi
2334 4277 2420 4331 sic

208 4362 693 4439 interpretantur.
751 4372 842 4423 tu
858 4363 971 4421 iter
1007 4371 1073 4421 et
1117 4362 1447 4421 accubitum
1484 4380 1675 4423 meum
1719 4370 1934 4419 exacto
1970 4362 2257 4433 ventilas,
2302 4361 2341 4417 i.
2369 4376 2419 4414 e.
