2747 4800
334 291 386 358 2
1102 236 1760 383 'Prolegomenm
1821 390 1822 393 Ἴ

341 471 512 534 Hanc
546 476 787 547 poeseos
812 471 1063 546 speciem
1089 488 1227 550 prae
1255 446 1463 532 ceteris
1493 454 1761 533 omnibus
1789 471 2131 533 excolebant
2160 467 2450 546 Hebraei,
2490 482 2549 530 et

345 591 410 650 in
452 589 645 648 eadem
687 587 925 666 perinde
959 590 1236 652 eminent.
1319 589 1572 650 Solenne
1602 601 1727 650 erat
1760 610 1867 669 perc
1892 610 2089 648 omnes
2118 588 2414 649 Hebraeae
2442 609 2550 649 na-

348 710 527 769 tionis
570 716 788 766 aetates
834 706 907 765 ob
939 725 1033 765 res
1067 693 1314 764 feliciter
1356 718 1551 788 gestas
1585 726 2005 786 prosperosquc
2043 708 2324 766 bellorum
2356 708 2549 765 exitus

302 818 309 823 ⁵
347 828 518 887 laetis
554 825 910 884 carminibus
934 822 1062 883 Deo
1092 827 1380 883 servatori
1411 827 1639 903 publice
1666 836 1863 907 grates
1897 845 2090 908 agere.
2163 823 2323 882 Hinc
2347 822 2551 911 Moris,

330 912 644 1017 'Debui-ae,
683 939 930 1000 Davidis
974 939 1255 1003 ἐπινίκια.
1341 936 1487 999 Cum
1519 945 1663 1020 ipsis
1690 943 1890 1002 forsan
1917 942 2269 1019 reipublicae
2299 942 2552 1018 primor-

344 1061 458 1120 diis
485 1061 662 1118 initia
694 1076 801 1118 sua
832 1057 1157 1117 habuerunt
1187 1056 1423 1118 scholae
1449 1056 1888 1139 prophetarum
1900 1077 1922 1135 ,·
1966 1032 2171 1139 regum
2214 1067 2369 1116 certe
2409 1066 2556 1115 tem-

343 1196 489 1258 pora
528 1175 960 1236 antecedebant.
1047 1173 1139 1234 De
1173 1178 1405 1236 illarum
1446 1178 1739 1235 institutis
1779 1187 1837 1236 et
1869 1178 2177 1253 disciplina
2210 1191 2556 1252 quamquam

342 1295 544 1372 paucis
589 1293 988 1351 tantummodo
1038 1303 1210 1372 atque
1252 1295 1441 1353 obiter
1481 1295 1832 1353 mentionem
1874 1291 2098 1350 faciunt
2135 1303 2390 1353 veterum
2430 1289 2554 1348 He-

338 1412 648 1471 braeorum
679 1418 1050 1468 monumenta
1082 1409 1395 1487 historica3
1449 1409 1830 1468 nihilominus
1866 1410 2036 1468 in‘co
2075 1420 2240 1484 saepe
2279 1408 2555 1466 multum·-

343 1546 455 1605 que
484 1534 793 1601 occupatos
820 1523 1000 1582 fuisse
1033 1526 1449 1606 intelligimus,
1504 1536 1572 1585 ut
1611 1526 1840 1604 hymnis
1886 1533 1945 1582 ct
1982 1523 2371 1597 carminibus,
2423 1542 2557 1583 cum

341 1642 544 1704 fidium
599 1650 658 1698 et
708 1640 985 1699 tibiarum
1025 1652 1201 1699 cantu
1246 1653 1305 1700 et
1351 1642 1731 1721 symphonia,
1804 1640 1917 1699 Dei
1959 1641 2155 1699 laudes
2196 1642 2560 1701 celebrarent

342 1757 493 1838 (vid.
529 1764 557 1820 l
579 1755 740 1816 Sam·
780 1757 882 1828 10,
913 1755 1172 1820 5-10,
1235 1756 1321 1817 Cf.
1358 1759 1638 1819 linum-:a-
1657 1777 1786 1817 vom
1817 1756 1991 1816 Geist
2029 1757 2135 1815 der
2166 1755 2558 1818 hebra-Pois&

340 1854 410 1935 P.
439 1874 512 1935 11.
553 1893 611 1951 p.
649 1874 749 1932 64.
782 1890 927 1950 σαψ,
954 1881 1014 1930 et
1050 1892 1105 1950 p.
1137 1877 1283 1936 301.
1356 1878 1732 1947 Nacnmfflu.
1781 1875 1923 1935 iiber
1966 1874 2249 1935 Salomo’s
2289 1872 2560 1953 sanger-

336 1989 666 2053 vor-samm&
699 1988 841 2047 oder
862 1967 1404 2071 Prophetenscltale
1434 1996 1498 2054 in
1527 1994 1654 2054 dem
1677 1992 1970 2071 Magazin
1988 1992 2118 2068 far
2140 1986 2420 2072 Exegese
2448 2000 2560 2051 cet.

342 2113 416 2171 ab
458 2107 693 2170 Henkio
733 2103 925 2188 edit).
1015 2106 1139 2169 Sub
1184 2110 1413 2173 Davide
1458 2122 1655 2173 autem
1696 2114 2004 2191 praecipue
2044 2110 2290 2170 florebat
2334 2109 2562 2169 musica

342 2238 403 2288 et
439 2228 664 2306 poesin:
712 2244 790 2285 ex
830 2226 987 2285 illius
1027 2228 1339 2300 instituto,
1385 2230 1438 2284 si
1479 2226 1898 2287 chronicorum
1936 2229 2104 2287 libris
2143 2228 2282 2286 fides
2327 2229 2407 2284 sit
2449 2225 2558 2293 he-

339 2345 527 2405 benda
544 2384 565 2420 ,
631 2352 839 2422 quater
883 2345 1044 2405 mille
1093 2351 1359 2406 cantores
1414 2343 1538 2400 sive
1584 2344 1795 2402 musici
1852 2362 1885 2399 e
1938 2361 2180 2404 numero
2224 2343 2559 2403 Levitarum

242 2446 251 2449 i
339 2457 407 2542 (1
426 2460 618 2519 Paral.
644 2460 749 2531 23,
787 2449 914 2533 5.)‚
954 2456 1060 2513 sub
1092 2457 1400 2529 praefectis
1431 2456 1695 2516 ducentis
1732 2458 2032 2535 octoginta
2059 2466 2214 2546 ⁰⁰t9’
2256 2458 2560 2518 distributi

298 2653 303 2662 .
335 2576 402 2633 in
443 2574 656 2632 classes
700 2573 917 2651 viginti
949 2579 1233 2647 quatuor,
1288 2586 1435 2649 quae
1475 2592 1578 2649 per
1618 2575 1882 2655 singulas
1913 2575 2298 2654 hebdomadas
2328 2574 2556 2634 vicibus

335 2683 459 2747 auis
502 2690 568 2746 in
606 2686 825 2763 templo
852 2685 1267 2766 fungerentur,
1307 2707 1612 2748 sacrorum
1649 2690 1997 2770 hymnorum
2024 2694 2351 2751 ministerio
2382 2693 2557 2752 unice

337 2803 741 2864 deserviebant
782 2799 847 2881 (1
883 2800 1073 2861 Paral.
1103 2802 1208 2878 25,
1251 2807 1278 2863 l
1306 2837 1381 2850 —
1403 2801 1532 2885 7.),
1591 2809 1807 2885 partim
1847 2826 2026 2882 voce,
2078 2811 2294 2886 partim
2337 2808 2559 2892 diyerai

245 2929 253 2940 ·
337 2919 570 3002 'generis
610 2917 1014 2976 instrumentis
1052 2920 1291 2978 musicis
1329 2898 1622 3016 canentes.
1706 2925 1899 2994 Quum
1927 2927 2113 3007 igitur
2135 2924 2392 2986 Davides
2420 2923 2558 2986 Mu-

168 3065 173 3074 ·
259 3071 267 3081 ·
336 3054 434 3094 sas
466 3038 616 3095 istas
645 3053 775 3095 cum
814 3036 1000 3093 saeris
1030 3037 1275 3113 publicis
1300 3038 1629 3116 firmissime
1663 3044 1993 3119 copularet3
2033 3042 2166 3102 fieri
2191 3062 2312 3127 non
2341 3043 2555 3121 potuit,

334 3155 489 3236 quin
516 3141 626 3212 suo
659 3153 918 3229 exemplo
946 3169 1165 3230 suaque
1189 3137 1539 3216 auctoritate
1569 3155 2336 3219 vehementerconfirmarct
2375 3167 2436 3215 et
2474 3158 2552 3216 ad

333 3271 551 3329 altiora
595 3270 744 3328 artis
786 3268 1026 3349 fastigia
1065 3268 1332 3331 eveheret
1372 3292 1571 3345 omnes
1610 3278 1757 3335 alios
1772 3316 1792 3349 ‚
1853 3292 2001 3354 quos
2043 3276 2249 3336 iisdem
2294 3272 2549 3332 colendis

330 3378 548 3445 natura
588 3387 961 3460 initiaverat,
1016 3390 1349 3467 lyricaeque
1393 3393 1758 3468 potissimum
1797 3399 2039 3470 poeseos
2070 3396 2224 3453 inter
2250 3388 2549 3450 Hebraeos

331 3506 602 3584 princeps
636 3501 908 3563 evaderet
938 3513 1175 3583 auctor,
1234 3504 1417 3585 quid?
1478 3510 1632 3587 quod
1672 3510 1891 3571 futuris
1930 3530 2157 3591 quoque
2193 3494 2547 3594 temporibus

328 3619 528 3680 eadem
572 3622 772 3681 studia
813 3620 1057 3698 provide
1099 3636 1392 3699 servaret,
1448 3637 1509 3685 et
1552 3633 1932 3691 restauranda
1975 3627 2217 3688 subinde
2258 3644 2330 3684 ac
2373 3625 2547 3704 perfi-

331 3737 550 3816 cienda
578 3739 856 3797 traderet.
938 3736 1212 3799 Manente
1250 3743 1529 3801 nimirum
1567 3745 1675 3804 illo
1714 3748 1948 3806 vinculo
1964 3787 1984 3820 ‚
2049 3763 2166 3823 quc
2207 3763 2338 3803 cum
2383 3745 2545 3803 cultu

323 3852 504 3915 Jovae
543 3866 730 3916 artem
765 3857 1045 3915 musicam
1077 3863 1482 3940 poeticumque
1512 3865 1683 3924 semel
1716 3865 2014 3943 copularat
2037 3860 2295 3923 Davides
2311 3905 2331 3938 ,
2376 3862 2544 3941 quic-

325 3972 468 4051 quid
507 3969 817 4066 insignius
833 3995 1090 4058 unquam
1123 3982 1320 4042 evcnit
1352 3979 1745 4066 israelitarum
1786 3985 1874 4043 rei
1918 3982 2185 4060 publicae
2219 3991 2279 4040 et
2306 3999 2505 4041 sacrae
2518 3997 2538 4054 ς

322 4106 479 4150 nova
522 4096 683 4173 genii
714 4098 929 4172 poetici
960 4097 1307 4172 tentamina,
1363 4116 1519 4159 nova
1560 4105 1706 4161 artis
1750 4104 2105 4160 incrementa
2148 4102 2381 4174 attulit,
2437 4109 2542 4156 aut

320 4204 397 4266 ad
436 4183 770 4289 antiquiora
811 4217 1007 4275 saltim
1049 4221 1338 4300 earmina,
1388 4220 1575 4280 denuo
1608 4217 1963 4296 adhibenda,
2002 4218 2329 4291 tractanda,
2372 4216 2541 4274 colli-

319 4326 511 4404 genda
553 4345 754 4393 ansam
794 4334 1081 4420 praebuit.
