2747 4800
313 223 471 316 264
890 230 1011 298 Ρ.
1053 225 1173 316 88,
1230 225 1554 344 19-223.
1656 230 1784 308 p..
1833 226 1948 316 39.

390 473 393 478 .
493 415 613 474 19.
674 399 855 477 '727
861 414 1106 501 :lg-'z
1147 410 1309 483 Quia
1341 413 1716 491 iniquitatem
1746 388 1930 470 meam
1955 408 2202 483 fateor,
2242 408 2545 470 sollicitus

320 520 450 563 sum
496 497 566 556 ob
597 509 867 578 peccata
905 517 1049 557 mea.
1136 497 1434 557 Pertinent
1465 498 1605 556 haee
1635 498 1706 556 ad
1735 496 1847 555 Dei
1884 497 2245 554 clementiam
2284 514 2546 555 commo-

324 582 595 655 vendam,
638 585 861 661 culpam
886 586 1039 641 enim
1076 583 1272 655 fateri,
1314 601 1643 660 poenaeque
1681 600 1743 639 se
1782 582 2142 657 submittere,
2188 598 2545 659 magnopere

320 670 537 752 judicis
576 665 871 727 inflectere
910 670 1060 725 solet
1100 670 1377 730 animum.

497 786 603 854 20.
688 782 889 842 Refert
921 783 1110 841 adhuc
1145 786 1319 841 aliam
1352 783 1421 842 de
1460 781 1725 841 hostibus
1764 784 1884 842 suis
1926 767 2430 860 qnerulationem,
2488 791 2552 839 et

328 871 668 950 peranxiam
720 870 929 925 auxilii
982 870 1482 943 implorationem,
1554 887 1668 944 qua
1708 868 1968 926 habitum
2010 869 2195 924 animi
2241 867 2546 923 doloribus

328 955 653 1033 exagitati,
696 961 756 1009 et
785 954 939 1010 inter
967 956 1462 1026 consolationem,
1508 963 1711 1028 atque,
1763 954 1834 1012 ob
1863 954 2174 1023 cruciatus,
2221 951 2549 1030 aegritudi-

329 1059 498 1110 nem,
537 1036 876 1094 fluctuantis
903 1041 1216 1113 expressit:
1259 1039 1369 1110 At,
1413 1035 1639 1112 inquit,
1683 1039 1921 1095 interim
1965 1039 2101 1095 dum
2143 1055 2252 1113 ego
2298 1038 2442 1092 sileo
2487 1045 2547 1093 et

331 1124 558 1201 perfero
591 1123 819 1191 omnia,
859 1132 1019 1179 tuam
1053 1142 1214 1198 opem
1242 1134 1617 1199 exspectans,
1670 1122 1814 1209 Ἶρ115
1849 1153 1938 1164 -
1968 1107 2118 1183 ἿΞἿξέ
2147 1118 2392 1178 Inimici
2430 1120 2578 1190 mei,

330 1209 543 1266 vivunt
583 1209 923 1282 valentque,
978 1217 1038 1264 et
1079 1205 1481 1280 roborantur3
1548 1208 1651 1283 qui
1692 1207 1985 1264 immerito
2033 1224 2119 1264 me
2158 1204 2292 1262 odio
2331 1221 2550 1282 prose-

330 1301 633 1371 quuntur,
682 1288 1202 1370 multiplicantur,
1253 1293 1481 1350 viribus
1528 1293 1824 1369 copiisque
1865 1300 2172 1370 augentur.
2259 1296 2416 1370 ΠἿἹΠ
2453 1289 2549 1346 vi-

328 1385 572 1449 ventes,
629 1375 689 1434 h.
734 1394 785 1432 e.
831 1374 1062 1445 floridi3
1130 1379 1399 1452 omnique
1444 1394 1682 1464 opum,
1714 1386 1889 1453 atque
1933 1376 2145 1434 virium
2189 1371 2552 1432 abundantia

308 1462 747 1554 praevalentes.
842 1457 990 1517 Vita
1033 1463 1185 1520 enim
1227 1480 1347 1518 non
1390 1481 1528 1519 raro
1578 1464 1720 1538 poni
1767 1462 1919 1518 solet
1962 1477 2066 1537 pro
2110 1461 2235 1516 vita
2278 1457 2443 1516 felice
2487 1465 2551 1514 et

308 1538 667 1617 fortunata,
723 1541 848 1600 vid.
898 1547 969 1603 ad
1017 1547 1135 1617 22,
1169 1547 1273 1602 27.
1319 1548 1432 1617 34,
1471 1548 1562 1606 13.
1655 1545 1799 1636 ἾΡ115
1851 1551 2006 1605 *min
2048 1541 2169 1613 Qui
2210 1562 2296 1600 me
2337 1542 2552 1600 odiunt

315 1628 532 1704 falso,
592 1630 810 1686 nullam
843 1629 964 1688 odii
994 1648 1135 1709 erga
1164 1648 1256 1687 me
1292 1628 1504 1688 habent
1535 1634 1754 1705 justam
1784 1649 2049 1701 causam,
2097 1625 2197 1686 sed
2226 1627 2553 1684 mendacis-

333 1715 477 1776 sime
506 1716 718 1772 multas
746 1715 1120 1789 praetendere
1150 1716 1340 1774 solent
1370 1713 1653 1790 offensus,
1711 1734 1786 1773 ex
1817 1733 1979 1773 mera
2009 1713 2260 1773 nocendi
2287 1712 2550 1770 libidine.

335 1796 565 1859 Similis
608 1799 871 1874 loquutio
911 1798 1016 1871 35,
1053 1799 1150 1857 19.

501 1910 603 1965 21.
687 1909 808 1968 :50
866 1918 1022 1969 ἐπ-ι
1068 1940 1152 1951 -
1196 1903 1446 2000 ’λῃ-5115711
1494 1907 1617 1979 Qua·
1657 1907 2013 1983 maleficium
2055 1905 2388 1987 rependunt
2425 1922 2553 1984 pro

337 1991 622 2068 beneseto
663 2001 727 2050 et
756 1974 1158 2052 adversantur
1187 1977 1358 2051 milia·
1359 1975 1477 2071 p⁸ro
1511 1994 1915 2072 persequendo
1953 2013 2040 2051 me
2075 1993 2301 2065 honum,
2345 1989 2405 2048 id
2438 2000 2555 2062 est,

332 2098 443 2157 pro
478 2097 584 2151 eo,
640 2075 794 2156 quod
831 2096 1169 2156 quacunque
1200 2099 1264 2137 re
1300 2082 1434 2138 illos
1457 2082 1665 2154 juvare
1693 2099 1955 2156 possem,
2014 2098 2140 2136 eam
2173 2085 2557 2154 persequutus

332 2173 394 2230 et
422 2173 786 2221 consectatus
816 2181 943 2219 sum
975 2166 1282 2240 praecipuo
1316 2161 1548 2225 studio·
1533 2204 1550 2233 ‚
1615 2184 1725 2242 pro
1766 2183 1871 2235 eo,
1912 2165 2066 2241 quod
2107 2162 2387 2219 demereri
2417 2157 2558 2217 illos

335 2265 693 2334 summopere
722 2248 1081 2323 quaerebam.
1139 2251 1262 2306 Alii
1293 2252 1413 2310 :sm
1450 2248 1677 2320 bonum,
1713 2251 2052 2328 intelligunt
2087 2248 2157 2305 de
2185 2244 2561 2317 rectitudine,

330 2333 584 2389 virtute·
638 2331 1042 2388 adversantur
1082 2332 1229 2389 milei
1271 2351 1372 2406 eo,
1428 2333 1586 2412 quod
1625 2335 1852 2393 virtuti
1888 2333 2118 2391 studeo·
2203 2331 2311 2390 Est
2351 2346 2561 2386 reuera

336 2427 596 2476 extrema
627 2418 782 2473 linea
813 2417 1235 2492 improbitatis,
1296 2416 1486 2475 odisse
1518 2419 1806 2477 hominem
1846 2421 2121 2496 probum,
2164 2421 2303 2493 quia
2337 2414 2559 2491 probus

258 2552 271 2559 ,⁷
336 2512 439 2559 est.
503 2499 619 2559 Sed
646 2501 898 2576 priorem
934 2501 1099 2558 illum
1129 2522 1361 2561 sensum
1391 2522 1509 2560 non
1544 2504 1717 2562 modo
1747 2505 1952 2562 suadet
1977 2523 2096 2562 vox
2128 2516 2281 2580 nrm
2294 2541 2323 2600 ’.
2355 2518 2562 2557 verum

334 2587 510 2644 etiam
542 2585 929 2643 membrorum
961 2589 1397 2661 parallelismus
1486 2599 1615 2672 ηἿἾ
1649 2589 1953 2666 persequi,
1994 2607 2129 2663 pro·
2172 2586 2329 2645 omni
2355 2583 2561 2640 studio

313 2671 681 2768 8008888081,
712 2668 780 2724 uit
811 2669 1301 2742 34‚15.Jarchi
1330 2673 1507 2731 verba
1543 2678 1663 2733 :512
1708 2686 1862 2734 ἾΒἿἻ
1907 2689 2058 2755 unq
2092 2671 2368 2746 exponit.
2414 2686 2566 2746 quo-

338 2755 500 2823 niam
546 2773 653 2813 nos
695 2752 1080 2817 adhaeremus
1123 2755 1252 2815 1)εο
1297 2755 1542 2838 ejusque
1575 2741 1942 2837 praeceptis.

503 2873 605 2929 22.
692 2869 836 2930 Post
879 2871 1203 2948 deploratas
1250 2893 1386 2932 suas
1431 2891 1734 2932 aerumnas
1776 2884 1836 2929 88
1873 2869 2340 2931 adversariorum
2382 2867 2566 2927 inbu-

331 2960 673 3017 manitatem
706 2975 776 3013 ac
808 2960 1132 3033 saevitiam,
1172 2974 1496 3018 sermonem
1533 2969 1723 3019 totum
1756 2960 2021 3035 precibus
2056 2959 2366 3014 terminat:
2411 2970 2455 2987 ⁸·
2476 2951 2567 3035 Εἰς

521 3107 659 3134 .-²-

331 3216 548 3285 servio,
591 3228 661 3268 no
704 3209 998 3288 elongeris
1042 3233 1083 3271 a
1120 3234 1231 3289 me,
1270 3235 1344 3273 ne
1376 3217 1459 3273 sis
1494 3233 1529 3273 a
1560 3233 1651 3271 me
1681 3214 1901 3289 procul.
1959 3210 2047 3270 cf.
2075 3211 2145 3269 de
2169 3209 2278 3269 hac
2304 3210 2562 3267 formula.

331 3297 410 3356 ad
452 3300 551 3370 10,
591 3299 644 3353 1.
687 3297 819 3355 8011.
857 3295 962 3369 34,
1003 3299 1101 3358 19.

498 3406 600 3461 23.
650 3405 905 3485 ἠνέηύη
944 3408 1090 3499 ⁴³⁵²&
1128 3407 1361 3511 'quw‘-
1403 3408 1584 3471 razim
1615 3405 1887 3484 Propera
1920 3404 2004 3463 ad
2032 3404 2323 3463 auxilium
2351 3420 2570 3476 meum,

329 3484 607 3562 Domine,
656 3473 819 3548 salies
862 3478 1023 3563 med,
1055 3474 1278 3554 salutis·
1302 3476 1465 3554 nieae
1494 3500 1740 3565 auctor,
1783 3510 1838 3549 a·
1858 3510 1972 3570 quo
2011 3493 2137 3549 solo
2173 3492 2416 3548 salutem
2457 3506 2570 3545 ex—

331 3583 598 3649 spectare
630 3593 882 3653 possum.
945 3576 1077 3640 Vid.
1112 3582 1185 3639 ad
1216 3583 1456 3656 22,10.
1502 3579 1607 3652 27,
1639 3578 1696 3635 1.

1310 3766 1358 3826 P
1373 3785 1426 3827 s.
1481 3765 1585 3831 39.

506 3880 718 3959 Canlt,
756 3892 825 3940 ut
854 3885 1218 3960 gravissimis
1250 3887 1422 3943 malis
1449 3885 1821 3965 exagitatus,
1867 3882 2225 3943 continuerit
2253 3891 2447 3943 tamen
2481 3899 2570 3956 se,

331 3985 409 4025 ne
450 3967 725 4048 indigna,
784 3972 1126 4045 praesertim
1161 3971 1533 4037 audientibus
1575 3969 1892 4042 improbis,
1953 3966 2212 4027 effutiret
2251 3963 2572 4045 querendo,

332 4049 463 4110 Deo
495 4064 723 4127 autem,
769 4071 916 4129 quae
943 4055 1295 4129 patiebatur,
1336 4057 1606 4131 vitaeque
1644 4054 1832 4111 totius
1861 4055 2248 4111 calamitatem
2284 4062 2343 4108 et
2371 4053 2573 4111 brevi-

288 4202 306 4213 ,
333 4145 515 4199 tatem
556 4148 791 4214 questus
838 4137 951 4209 sit,
1011 4148 1069 4195 et
1111 4142 1432 4214 malorum,
1491 4158 1638 4215 quae
1675 4139 1926 4214 peccatis
1972 4149 2165 4196 tamen
2209 4138 2330 4201 suis
2375 4135 2575 4193 debita

335 4224 604 4300 agnovit,
641 4223 1045 4291 liberationem
1077 4227 1278 4283 orarit.
1363 4221 1612 4283 Carmen
1648 4233 1738 4286 est
1768 4223 2023 4301 ejusdem
2058 4221 2200 4296 fere,
2239 4240 2369 4280 cum
2400 4239 2574 4295 supe-

333 4307 528 4381 riore,
583 4308 918 4389 argumenti
961 4316 1021 4366 et
1070 4311 1316 4377 tenoris.
1403 4308 1641 4370 Veteres
1683 4305 1973 4382 Hebraei,
2031 4318 2100 4373 ut
2139 4307 2321 4367 refert
2351 4303 2614 4377 Jarchi,‚
