2747 4800
940 286 1061 353 Pe.
1119 281 1284 375 105,
1344 279 1689 347 13-16,
2276 282 2424 355 559

389 470 486 527 13.
572 462 862 562 ῆῧξζῐηξζ
900 468 982 527 Ee
1027 468 1505 542 ambulaverunt,
1555 467 1751 548 vagati
1794 477 1932 525 sunt
1975 477 2167 544 patres
2210 474 2423 545 nostri,

211 564 278 613 ut
318 554 573 631 hospites
612 551 683 611 ,et‘
716 558 1050 635 peregrini,
1113 550 1359 634 ’ἢῆ-ἒξ
1417 557 1550 633 ἢν).
1606 553 1677 610 de
1719 571 1835 611 una
1875 561 2048 628 gente
2098 556 2181 613 ad
2218 557 2420 629 aliam,

209 658 453 716 quarum
482 640 543 696 in
569 656 687 697 una
709 642 882 698 etiam
902 650 1062 698 terra
1078 633 1382 697 Cananae'a
1408 641 1599 714 plures
1627 636 1815 709 erant,
1845 637 1990 695 Gen.
2014 637 2111 711 15,
2131 638 2419 698 19-21,

206 723 382 782 Dent.
416 725 477 795 7,
513 728 594 781 1.·
652 726 775 782 Alii
816 723 959 781 haec
998 724 1174 781 verba
1214 723 1286 780 ad
1327 725 1507 780 vitam
1551 722 1917 799 pastor-itiam
1948 721 2436 782 patriarcharum,

207 818 465 885 spectare
497 809 855 887 existimant,
896 811 1040 866 coll..
1062 806 1238 865 Hebr.
1265 809 1365 878 11,
1396 808 1456 865 9.
1495 822 1587 850 -’
1624 802 1902 890 Πῧξυῖξη
1938 803 2032 863 De
2062 825 2179 864 uno
2211 826 2419 886 regna,

205 915 253 952 e.
285 914 334 950 c.
366 891 890 965 philisthaeorum,
931 902 1076 972 Ἶηθξ
1101 888 1361 976 ετξ-’ξιξ
1400 891 1484 948 ad
1512 871 1802 969 populum⁸
1839 889 2055 961 alium,
2096 892 2279 950 veluti
2308 894 2420 952 Ae-

203 979 564 1058 gyptiorum,
606 977 756 1036 Gen.
777 979 874 1052 12,
899 980 993 1034 10.
1032 979 1137 1048 42,
1166 977 1293 1048 23.,
1336 986 1405 1033 ut
1435 978 1555 1034 vita
1581 994 1803 1047 eorum,
1849 976 1913 1031 in
1943 976 2097 1033 libro
2127 976 2420 1035 Geneseos
2480 990 2487 1001 ‘

203 1081 240 1120 a
270 1060 411 1134 Cap.
445 1063 544 1119 12.
580 1080 760 1139 usque
788 1062 863 1121 ad
896 1063 1067 1120 finem
1105 1063 1241 1119 libri
1270 1061 1589 1136 descripta,
1645 1061 1911 1137 pluribus
1942 1068 2232 1134 testatur,
2285 1080 2337 1119 e.
2365 1061 2417 1120 o.

205 1145 351 1204 Gen.
377 1147 550 1225 12,1.
573 1149 633 1204 8.
684 1149 780 1221 13,
803 1148 901 1205 18.
942 1149 1048 1221 20,
1072 1149 1123 1204 1.
1169 1147 1273 1220 23,
1301 1148 1360 1203 4.
1417 1143 1552 1203 Una
1575 1145 1882 1222 eademque
1908 1147 2199 1204 sententia
2230 1146 2420 1206 tribus

200 1229 361 1290 hisce
394 1231 702 1290 versiculis
750 1234 842 1290 12.
878 1232 972 1292 13.
1005 1235 1103 1289 14.
1147 1232 1548 1290 continuatur.

383 1317 506 1373 14:
563 1316 702 1375 Non
758 1328 950 1376 tamen
998 1333 1201 1394 passus
1252 1327 1342 1373 est
1379 1313 1577 1386 Deus,
1637 1323 1704 1371 ut
1757 1313 2057 1391 quisquam
2111 1314 2421 1393 quicquam

203 1400 401 1458 damni
433 1411 534 1458 aut
563 1402 707 1458 mali
737 1404 821 1459 eis
850 1402 1111 1476 inferret,
1157 1404 1275 1460 imo
1303 1402 1367 1457 in
1395 1417 1563 1476 reges
1593 1398 1889 1477 quosdam,
1930 1399 2188 1474 ipsorum
2222 1417 2419 1474 causa,

206 1483 638 1559 animadvertit,
683 1488 863 1545 veluti
894 1489 959 1544 in
986 1485 1369 1556 Pharaonem,
1410 1484 1556 1542 Gen.
1585 1484 1683 1556 12,
1718 1484 1845 1555 17.,
1900 1482 2417 1543 et'Abimelechum

200 1570 308 1641 20,
331 1571 389 1627 3.
412 1572 467 1627 7.
489 1571 609 1643 18.,
649 1563 897 1629 testatus
927 1575 1033 1643 ita,
1063 1570 1450 1649 singulariter
1480 1568 1610 1625 illos
1640 1567 1753 1624 sibi
1786 1567 2036 1625 delectos
2065 1582 2211 1627 esse.
2268 1569 2418 1627 Ante

202 1650 469 1728 Versum,
510 1657 611 1733 qui
641 1659 922 1733 sequitur,
961 1655 1420 1714 subaudiendum
1452 1661 1544 1709 est
1578 1645 1785 1729 aas}

382 1737 474 1796 15.
558 1740 811 1802 *nmina
861 1735 1177 1803 wan-b&
1217 1736 1304 1796 Ne
1350 1738 1665 1813 tangatis,
1722 1735 1962 1795 laedatis
2006 1732 2186 1816 (Gen.
2220 1738 2328 1811 20,
2360 1740 2419 1798 7.

202 1825 308 1895 26,
341 1825 434 1880 ιι.
462 1825 562 1882 29.
601 1805 822 1882 '‘Es'ain‘.
853 1805 1068 1896 14:1‘o.
1108 1807 1266 1883 R‘uth
1298 1824 1360 1895 2,
1388 1819 1476 1900 9.)
1512 1830 1725 1879 unctos
1757 1839 1935 1895 moos,
1976 1823 2020 1879 i.
2051 1841 2099 1879 ο.
2130 1822 2419 1902 insignite

200 1909 344 1968 mihi
385 1908 606 1966 dicatos
650 1919 1151 1985 consecratosque.
1244 1905 1474 1965 Unctos
1514 1916 1685 1965 vocat
1726 1916 1898 1982 poeta
1932 1906 2301 1983 patriarchas
2344 1928 2419 1966 ex

203 2013 364 2051 more
406 1995 612 2050 aetatis
655 2011 826 2066 suae,
888 2011 1007 2051 non
1056 1993 1337 2068 temporis*
1391 1992 1684 2066 ipsorum,
1749 1991 1857 2067 qui
1893 2008 2210 2066 numquam
2252 1996 2417 2068 uncti

199 2078 456 2136 fuerunt.
538 2077 655 2136 Sed
695 2080 968 2154 quoniam
1010 2068 1263 2152 tempo’rc
1297 2074 1546 2133 Davidis
1581 2075 1950 2155 ungebantur
1988 2076 2319 2134 sacerdotes
2354 2086 2417 2136 et

199 2160 510 2240 prophetae
552 2161 701 2239 (vid.
745 2162 937 2243 lReg.
976 2161 1271 2235 19‚16.),
1336 2176 1514 2237 quum
1569 2159 1752 2218 vellet
1805 2159 1994 2217 dicere
2048 2160 2417 2233 patriarchas

199 2247 526 2304 sacerdotes
555 2245 733 2304 fuisse
762 2248 884 2303 veri
914 2245 1058 2318 Dei,
1099 2264 1169 2303 ac
1193 2244 1435 2322 proinde
1469 2252 1868 2302 sacrosanctos
1896 2243 2074 2300 fuisse
2099 2242 2417 2319 habendos,

198 2342 373 2389 vocat
406 2348 503 2386 eos
537 2341 784 2405 unctos,
823 2339 881 2389 et
912 2333 975 2388 in
1007 2332 1195 2388 altero
1226 2326 1617 2399 hemistichio,
1652 2324 1989 2407 prophetas
2023 2328 2237 2403 etiam,
2265 2347 2415 2408 quo-

199 2415 372 2492 rnodo
407 2423 466 2471 et
493 2416 850 2474 Abrahamus
883 2417 1027 2474 Gen.
1054 2417 1158 2486 20,
1186 2419 1241 2473 7.
1283 2415 1497 2471 diserte
1528 2413 1757 2471 dicitur.
1828 2410 2230 2471 Hebraeorum
2259 2414 2412 2474 haud

197 2497 374 2576 ‘pauci
411 2517 514 2573 per
555 2510 762 2562 unctos
801 2500 854 2557 h.
889 2500 927 2555 1.
973 2500 1262 2575 principes
1305 2506 1364 2554 et
1404 2514 1644 2575 magnos
1682 2497 1844 2554 viros
1885 2495 2149 2576 intelligi
2184 2491 2411 2574 volunt,

197 2580 355 2659 quod
396 2583 761 2657 patriarchae
801 2586 891 2641 illi
935 2582 1087 2659 apud
1127 2600 1293 2662 reges
1337 2581 1499 2638 illius
1543 2580 1818 2656 temporis
1855 2588 1916 2636 et
1959 2581 2074 2657 ipsi
2121 2583 2413 2659 principes

194 2667 457 2741 reputati
488 2666 755 2739 fuissent,
790 2664 1077 2746 quomodo
1110 2664 1437 2724 Abrahamo
1470 2665 1745 2722 dixerunt
1772 2662 2084 2722 Hethitae:
2113 2668 2412 2745 princeps

196 2745 317 2805 Dei
354 2768 417 2808 es
462 2751 525 2807 in
564 2751 752 2809 medio
794 2752 1016 2824 nostri,
1056 2749 1202 2809 Gen.
1227 2751 1332 2821 23,
1360 2750 1424 2807 6.
1507 2745 1843 2826 Prophetas
1882 2765 2022 2806 vero
2059 2749 2251 2808 dictos
2282 2752 2411 2808 exi-‘-

197 2836 471 2908 stimant,
517 2836 682 2911 quod
709 2834 905 2908 futura
947 2836 1408 2909 praedixissent,
1452 2838 1520 2888 ut
1552 2828 2009 2911 Isaacus'(Gen.
2036 2834 2145 2905 27,
2172 2828 2308 2912 27.)
2351 2844 2412 2894 et

193 2913 444 2976 Jacohus
483 2919 656 3001 (Gen.
684 2916 818 3000 49.)
857 2922 1170 2980 morientes
1199 2918 1323 2976 fata
1354 2934 1593 2974 suorum
1619 2917 2058 2995 praedixerunt.
2109 2915 2408 2978 Hactenu-

199 3012 392 3070 exstat
420 3003 516 3063 hic
542 3003 801 3063 Psalmus
833 3007 897 3064 in
926 3024 998 3064 eo
1029 3005 1130 3080 qui
1156 3003 1406 3061 hahetur
1443 3003 1472 3058 1
1496 2998 1632 3060 Chr.
1666 3001 1779 3066 16.

372 3089 468 3145 16.
515 3090 558 3147 A
566 3089 873 3168 ggreditur
899 3107 1140 3147 narrare
1170 3089 1548 3157 occasionem,
1577 3103 1692 3162 qua
1719 3085 1965 3145 Jacobns
1990 3087 2061 3144 in
2082 3086 2413 3167 Aegyptum

197 3174 497 3252 migravit,
528 3177 854 3252 transitque
881 3172 956 3232 ad
988 3172 1362 3232 describenda
1386 3171 1640 3231 breviter
1666 3170 1946 3230 historiae
1969 3164 2214 3248 Josephi
2241 3167 2410 3250 prae-3

199 3259 371 3333 cipua
399 3259 623 3334 capita,
670 3268 845 3335 atque
872 3258 1017 3317 adeo
1052 3259 1126 3317 ad
1160 3256 1506 3316 celebranda
1534 3255 1844 3329 beneficia,
1883 3273 2034 3333 quac
2059 3255 2220 3314 Deus
2246 3260 2409 3337 genti

196 3340 548 3400 lsraeliticae
586 3342 819 3419 Joscphi
862 3362 1036 3420 opera
1077 3343 1386 3420 praestitit.
1469 3331 1821 3427 ‘RQ-52
1869 3350 1998 3430 21ξῖ
2040 3350 2251 3430 θήρῃ
2293 3340 2409 3400 Vo-
2480 3419 2485 3423 ὁ

199 3426 367 3482 cavit
392 3426 628 3499 famem
670 3446 852 3506 super
891 3437 1119 3485 terram
1154 3425 1413 3499 Cannu,
1454 3428 1791 3502 vicinasque
1829 3427 1884 3483 ei
1921 3411 2193 3504 regiones
2233 3424 2408 3507 (Gen.

195 3512 301 3580 41,
334 3510 435 3568 54.
469 3529 593 3588 sqq.
634 3513 740 3586 42,
777 3517 828 3571 1.
859 3511 1044 3591 sqq.),
1117 3512 1226 3571 hoc
1268 3521 1391 3585 est,
1438 3512 1559 3586 ejus
1594 3511 1762 3584 jussu
1807 3518 1869 3569 et
1910 3509 2197 3571 mandato.
2231 3512 2411 3571 fames

194 3596 414 3652 invasit
447 3607 679 3654 terram.
766 3598 941 3656 Plena
972 3608 1061 3656 est
1088 3597 1229 3655 haec
1256 3598 1525 3674 loquutio
1560 3593 1757 3674 anag.
1787 3595 1850 3670 8,
1884 3597 1941 3652 1.
1981 3598 2225 3656 vocavit
2253 3594 2414 3656 Jova

176 3677 416 3751 famem
456 3689 520 3738 et
558 3684 742 3740 venit.
807 3680 893 3740 cf.
925 3683 1031 3741 Ez.
1065 3684 1169 3754 36,
1195 3683 1296 3740 30.
1338 3679 1549 3739 vocavi
1575 3679 1963 3752 frumentum
1997 3679 2170 3759 idque
2208 3682 2413 3741 multi-

185 3762 434 3841 plicavi.
503 3762 1024 3852 ῦηξ·ί·τι37;-·5.·ῦ
1060 3767 1347 3847 vulgatus
1386 3783 1548 3822 omne
1570 3763 2021 3838 firmamentum
2054 3767 2244 3844 panis
2277 3768 2414 3825 red·
2466 3825 2471 3829 .

198 3847 369 3921 didit,
408 3849 466 3906 h.
496 3871 548 3908 e.
573 3845 803 3927 panem,
844 3871 955 3929 quo
990 3835 1113 3910 {ita
1143 3848 1393 3910 hominis
1425 3859 1804 3924 sustentatur,
1844 3852 2002 3908 sicut
2031 3853 2133 3929 qui
2161 3853 2417 3931 scipioni

171 3933 492 4006 innititur.
575 3935 724 3995 Nam
764 3946 915 4024 napi
944 3939 1175 4014 proprie
1207 3935 1445 3994 baculus
1482 3946 1569 3993 est
1602 3953 1650 3992 s.
1683 3935 1907 4013 scipio,
1946 3938 2043 3994 cui
2078 3938 2413 4010 innitimur,

195 4034 253 4073 v.
284 4035 334 4073 c.
367 4015 478 4078 E'x.
506 4022 569 4093 4,
596 4022 638 4077 2
671 4063 691 4094 ,
739 4024 868 4079 coll.
897 4040 1223 4099 synonymo
1257 4021 1371 4080 Ex.
1400 4021 1623 4092 21,19.
1672 4018 1851 4077 Zach.
1881 4021 1942 4093 8,
1967 4024 2058 4094 4.,
2117 4019 2271 4099 quod
2312 4041 2413 4100 per

196 4101 622 4177 metaphoram,
678 4106 748 4164 de
779 4125 962 4183 pane,
1016 4126 1131 4183 quo
1164 4109 1291 4165 vita
1320 4112 1718 4178 sustentatur,
1774 4107 1952 4164 etiam
1983 4105 2230 4183 dicitur,
2286 4108 2407 4168 vid.

195 4183 338 4245 Lev.
376 4189 479 4261 26,
508 4192 603 4246 26.
669 4191 781 4249 Jes.
812 4194 872 4264 3,
907 4195 962 4249 l.
1017 4191 1125 4249 Ez.
1154 4193 1218 4262 4,
1253 4193 1347 4249 16.
1404 4191 1537 4248 coll.
1580 4188 1677 4248 Ps.
1715 4191 1856 4262 104,
1894 4189 1990 4248 15.
2076 4190 2198 4251 Sub
2240 4193 2414 4252 finem

194 4266 366 4342 hujus
396 4272 608 4330 Versus
639 4275 1097 4336 subaudiendum
1126 4285 1243 4335 este
1288 4274 1432 4334 haec
1459 4294 1555 4333 res
1580 4294 1682 4334 eos
1711 4291 1787 4334 ex
1815 4272 2126 4337 Cananaea
2158 4287 2322 4339 terra
2349 4282 2413 4337 in

191 4353 524 4435 Aegyptum
563 4362 804 4437 expulit.
