2747 4800
326 214 484 307 264
903 216 1567 309 Pe.38‚19-23.
1670 221 1797 290 Ps
1846 217 1962 308 39.

505 406 627 465 19.
687 392 798 468 '727
842 418 897 450 7·
873 405 1119 493 ,λζ-’33
1161 401 1323 474 Quia
1354 405 1729 483 iniquitatem
1759 380 1944 462 meam
1968 400 2216 480 fateor,
2256 400 2549 461 sollicitus

334 511 462 555 sum
508 488 577 548 ob
611 500 877 569 peccata
917 508 1061 548 mea.
1146 489 1448 548 Pertinent
1477 489 1618 547 haec
1648 490 1719 548 ad
1747 487 1861 546 Dei
1898 490 2259 546 clementiam
2297 508 2550 547 commo·-

336 573 606 646 vendam,
650 576 873 651 eulpam
898 577 1051 633 enim
1088 573 1285 647 fateri,
1328 592 1656 652 poenaeque
1693 592 1756 632 se
1796 573 2155 650 submittere,
2201 590 2550 653 magnopere

332 660 549 742 judicis
590 656 883 718 inflectere
923 661 1072 717 solet
1112 661 1389 720 animum.

509 777 615 846 20.
700 773 901 832 Refert
933 774 1122 832 adhuc
1158 778 1331 833 aliam
1365 775 1434 833 de
1473 773 1738 832 hostibus
1777 777 1897 834 suis
1939 759 2442 852 querulationem,
2497 783 2556 831 et

340 863 680 941 pernoxiam
732 861 942 917 auxilii
994 862 1495 937 implorationem,
1567 879 1681 937 qua
1721 860 1980 917 habitum
2024 861 2207 916 animi
2254 860 2552 917 doloribus

340 946 665 1025 exagitati,
709 954 768 1000 et
796 946 951 1001 inter
979 947 1476 1017 consolationem,
1521 954 1724 1021 atque,
1776 946 1847 1004 ob
1875 946 2187 1016 cruciatus,
2233 943 2554 1022 aegritudi-

342 1050 510 1102 nem,
549 1027 888 1085 ssuctuantis
914 1033 1228 1106 expressit:
1273 1031 1383 1101 At,
1426 1027 1651 1104 inquit,
1696 1031 1955 1087 interim
1978 1031 2114 1087 dum
2156 1048 2264 1106 ego
2311 1030 2454 1085 sileo
2497 1037 2555 1085 et

342 1115 569 1193 perfero
603 1115 831 1184 omnia,
872 1125 1031 1171 tuam
1064 1133 1226 1191 opem
1255 1125 1630 1190 exspectans,
1683 1113 1827 1201 ‘¹225
1862 1145 1950 1156 -—
1981 1117 2129 1200 722&
2160 1111 2404 1170 Inimici
2443 1112 2582 1182 mei,

342 1201 555 1259 vivunt
596 1199 935 1274 valentque,
991 1208 1048 1255 et
1092 1198 1494 1272 roborantur3
1560 1200 1664 1275 qui
1704 1200 1997 1256 immerito
2046 1216 2131 1255 me
2170 1197 2304 1254 odio
2341 1213 2558 1274 prose-

343 1292 645 1362 quuntur,
694 1281 1214 1360 multiplicantur,
1265 1286 1493 1342 viribus
1541 1284 1836 1361 copiisque
1877 1293 2185 1362 augentur.
2271 1289 2423 1341 nug-3
2465 1282 2558 1339 vi-

340 1378 584 1441 ventes,
642 1366 701 1427 h.
746 1386 798 1424 e.
843 1365 1074 1437 floridi3
1141 1370 1412 1444 omnique
1457 1386 1692 1456 opum,
1713 1379 1901 1468 ‘atque
1945 1368 2158 1426 virium
2202 1365 2561 1423 abundantia

320 1454 760 1547 praevalentes.
854 1448 1002 1510 Vita
1045 1455 1199 1510 enim
1241 1471 1358 1511 non
1389 1472 1540 1511 raro
1591 1454 1732 1530 poni
1779 1454 1931 1510 solet
1975 1471 2080 1528 pro
2121 1453 2248 1508 vita
2290 1450 2458 1507 felice
2501 1457 2561 1506 et

320 1530 678 1609 fortunata,
736 1533 861 1593 vid.
910 1539 983 1595 ad
1029 1538 1146 1609 22,
1181 1539 1285 1594 27.
1331 1539 1444 1608 34,
1482 1540 1575 1598 13.
1668 1537 1812 1627 Ἶρῐύ
1864 1542 2018 1597 main
2059 1534 2181 1605 Qua·
2222 1554 2308 1592 me
2349 1534 2562 1593 odiunt

328 1620 544 1697 falso,
602 1622 825 1679 nullam
856 1621 975 1679 odii
1006 1639 1148 1701 erga
1176 1640 1267 1680 me
1304 1621 1519 1681 habent
1547 1626 1766 1698 justam
1796 1640 2061 1694 causam,
2109 1617 2209 1678 sed
2237 1620 2564 1677 mendacis-

344 1708 488 1769 sime
518 1707 731 1764 multas
758 1708 1132 1780 praetendere
1162 1708 1351 1764 solent
1382 1705 1627 1768 offensas
1643 1749 1664 1782 ,
1722 1726 1798 1765 ex
1829 1725 1991 1766 mera
2021 1706 2271 1766 nocendi
2299 1705 2562 1763 libidine.

347 1789 576 1851 Similis
622 1789 884 1866 loquutio
923 1790 1028 1863 35,
1064 1791 1162 1848 19.

513 1901 614 1958 21.
699 1901 821 1960 :70
878 1909 1034 1960 ἾΒἾἾ
1081 1931 1164 1943 --
1207 1895 1458 1991 '73'2725727
1505 1899 1629 1971 Qui
1669 1859 2025 1975 maieficium
2067 1898 2398 1980 rependunt
2437 1915 2566 1977 pro

348 1983 634 2060 beneficio
675 1992 738 2042 et
770 1967 1170 2046 αάυονὲαητυν
1199 1966 1371 2044 milii
1372 1967 1488 2063 p⁸ro
1523 1987 1927 2065 persequendo
1965 2005 2052 2043 me
2088 1984 2312 2057 bonum,
2357 1981 2417 2040 id
2453 1992 2569 2055 est,

345 2089 455 2148 pro
490 2089 595 2143 eo,
652 2058 806 2148 quud
842 2088 1181 2148 quacunque
1213 2090 1276 2129 re
1311 2074 1494 2129 iuos·
1469 2092 1576 2146 ,μη
1579 2090 1677 2130 are
1704 2091 1967 2149 possem,
2025 2091 2151 2130 eam
2183 2080 2570 2146 persequutus

345 2165 405 2221 et
434 2166 798 2213 consectatus
827 2173 954 2211 sum
986 2158 1294 2232 praecipuo
1327 2153 1560 2216 studio·
1545 2196 1562 2224 ‚
1627 2176 1737 2234 pro
1778 2176 1882 2226 eo,
1925 2156 2079 2232 quod
2119 2155 2397 2213 demereri
2428 2150 2571 2210 illos

347 2258 705 2315 summopere
734 2240 1093 2316 quaerebam.
1151 2242 1274 2299 Alii
1305 2243 1425 2301 :2'70
1463 2239 1688 2312 bonum,
1725 2244 2065 2320 intelligunt
2098 2241 2168 2298 de
2198 2237 2573 2310 rectitudine,

343 2320 596 2381 virtute:
650 2323 1053 2381 adversantur·
1094 2324 1241 2381 mihi
1283 2342 1385 2395 ee,
1440 2326 1597 2403 quod
1637 2327 1863 2385 virtuti
1900 2327 2128 2383 studeo.
2214 2324 2323 2382 Est
2362 2340 2574 2380 revera

348 2418 608 2468 extrema
638 2410 793 2465 linea
821 2409 1248 2483 improbitatis,
1307 2408 1498 2468 odisse
1530 2410 1818 2469 hominem
1857 2413 2133 2488 probum,
2175 2413 2315 2485 quia
2351 2408 2571 2483 probus

268 2544 279 2553 ,
347 2503 451 2550 est.
515 2491 629 2551 Sed
657 2493 909 2568 priorem
945 2493 1111 2551 illum
1141 2514 1372 2554 sensum
1403 2514 1522 2552 non
1555 2497 1728 2555 modo
1758 2499 1962 2554 suadet
1987 2514 2107 2553 vox
2139 2509 2284 2556 nnn
2305 2534 2323 2564 ‚
2366 2511 2574 2553 verum

346 2579 521 2636 etiam
552 2577 940 2634 membrorum
972 2582 1408 2655 parallelismus
1497 2594 1626 2666 qn]
1660 2581 1963 2659 persequi,
2003 2599 2140 2657 pro.
2182 2578 2340 2637 omni
2367 2577 2573 2635 studio

325 2662 692 2759 consectari,
724 2660 791 2717 ut
822 2662 1313 2733 34‚15.Jar0hi
1342 2666 1517 2723 verba
1555 2671 1674 2726 2'70
1720 2679 1877 2753 'mu
1919 2680 2060 2727 ont-7
2103 2663 2380 2738 exponit.
2426 2679 2577 2738 quo-

349 2746 513 2813 niam
558 2763 665 2804 nos
707 2744 1092 2808 adhaeremus
1134 2735 1263 2807 Ded
1309 2748 1553 2830 ejusque
1584 2734 1953 2830 praeceptis.

515 2864 617 2921 22.
703 2862 846 2921 Post
891 2862 1215 2965 deploratas
1261 2885 1398 2925 suas
1442 2884 1746 2925 aerumnas
1787 2874 1846 2922 et
1884 2862 2350 2924 adversariorum
2393 2862 2578 2922 inhu-

342 2950 685 3008 manitatem
717 2965 786 3004 ac
819 2952 1143 3025 saevitiam,
1182 2966 1508 3010 sermonem
1542 2962 1734 3010 totum
1768 2953 2031 3027 precibus
2068 2952 2376 3006 terminat.
2423 2963 2471 2980 ··
2494 2947 2579 3028 ²:13

361 3048 451 3096 7:⁴7
495 3045 727 3125 33373319,
765 3032 853 3090 Ne
897 3033 1271 3114 derelinquas
1312 3056 1434 3109 me,
1476 3034 1671 3138 Jova,
1730 3046 2006 3112 tanquam
2054 3036 2153 3110 qui
2196 3034 2270 3092 ad
2314 3044 2374 3091 te
2417 3017 2580 3089 nihii

343 3114 703 3197 pertinea'm,
744 3114 912 3180 Dm
958 3137 1156 3193 meus,
1201 3140 1378 3199 quum
1414 3133 1478 3206 tn
1511 3124 1592 3178 sis
1625 3120 1783 3180 Dens
1813 3139 2011 3191 mens,
2056 3137 2226 3194 quem
2262 3119 2430 3189 eolo,
2476 3118 2577 3174 cui

342 3207 559 3276 servio,
603 3220 672 3260 ne
716 3200 1010 3280 elongeris
1054 3225 1093 3263 a
1131 3225 1243 3280 me,
1282 3226 1354 3265 ne
1388 3201 1470 3265 sis
1504 3226 1540 3264 a
1570 3225 1662 3264 me
1692 3208 1912 3282 procul.
1970 3203 2058 3262 cf.
2086 3205 2155 3262 de
2179 3202 2290 3261 hac
2316 3203 2576 3260 formula

344 3289 421 3347 ad
463 3291 562 3360 10,
603 3289 655 3345 1.
698 3287 973 3361 coll-34,
1014 3292 1112 3351 19.

508 3397 611 3453 23.
662 3395 917 3489 *279772517
956 3400 1099 3465 2¹7&
1139 3399 1372 3466 727'1795
1414 3400 1594 3463 ΠιύηΠ
1625 3397 1898 3478 Propera
1931 3396 2014 3456 ad
2043 3396 2334 3455 auxilium
2363 3413 2581 3469 meum,

341 3472 618 3553 Domine,
668 3464 831 3538 salus
874 3464 1033 3556 meti,
1067 3467 1289 3546 salutis'
1313 3469 1475 3548 nieae
1504 3493 1750 3556 auctor,
1795 3503 1850 3542 a
1868 3503 1983 3562 quo
2021 3484 2148 3541 solo
2175 3483 2428 3541 salutem
2471 3500 2581 3538 ex-

343 3576 609 3643 spectare
640 3583 893 3644 possum.
957 3568 1089 3632 vid.
1122 3574 1196 3632 ad
1228 3576 1332 3648 22,
1366 3577 1467 3633 10
1513 3572 1618 3645 27,
1652 3572 1708 3628 1.

1319 3759 1436 3819 Ps.
1492 3758 1596 3826 39.

517 3871 727 3950 Canit,
767 3885 834 3934 ut
863 3877 1229 3957 gravissimis
1262 3878 1433 3936 malis
1461 3877 1833 3957 exagitatus,
1876 3875 2236 3935 continuerit
2264 3883 2457 3935 tamen
2492 3891 2582 3947 se,

342 3976 419 4016 ne
460 3959 734 4041 indigna,
793 3965 1137 4039 praesertim
1172 3963 1543 4028 audientibus
1586 3961 1908 4036 improbis,
1964 3958 2223 4018 effutiret
2264 3954 2584 4036 querendo,

343 4039 473 4101 Deo
505 4057 733 4119 autem,
779 4065 926 4123 quae
952 4048 1305 4123 patiebatur,
1346 4050 1617 4124 vitaeque
1654 4047 1842 4104 totius
1871 4047 2260 4104 calamitatem
2295 4054 2353 4101 et
2382 4044 2547 4104 brev·
2532 4064 2586 4099 ι-

299 4194 317 4204 ,
344 4136 524 4191 tatem
565 4141 801 4206 questus
847 4131 960 4202 sit,
1020 4141 1079 4187 et
1122 4135 1443 4206 malorum,
1501 4150 1648 4208 quae
1686 4131 1936 4207 peccatis
1983 4141 2178 4188 tamen
2219 4131 2341 4189 suis
2385 4127 2587 4185 debita

345 4215 613 4291 agnovit,
651 4214 1055 4273 liberationem
1086 4220 1289 4274 orarit.
1373 4214 1623 4275 Carmen
1658 4225 1748 4279 est
1778 4216 2035 4289 ejusdem
2069 4214 2211 4287 fere,
2251 4231 2379 4273 eum
2411 4228 2587 4286 supe·-

344 4299 537 4371 riore,
594 4300 928 4380 argumenti
970 4309 1031 4360 et
1080 4303 1326 4369 tenoris.
1414 4300 1652 4366 Veteres
1693 4297 1984 4376 Hebraei,
2042 4311 2111 4363 ut
2150 4298 2332 4359 refert
2361 4293 2589 4367 Jarchi,
