2747 4800
861 291 982 359 Pe.
1022 289 1186 377 106,
1228 290 1347 355 48.
1457 294 1571 361 Pe.
1617 313 1781 381 107.
2276 290 2429 363 569

224 470 409 533 lChr.
444 474 546 544 16,
573 470 674 530 35.
716 473 782 531 in
817 492 887 532 eo
929 471 1198 546 Psalmo,
1254 494 1423 553 quem
1460 495 1561 553 per
1598 473 1886 551 Asaphum
1928 474 2182 535 Davides
2222 478 2428 538 fecisse

218 558 435 617 dicitur
477 556 693 615 Zionio
736 576 909 616 novo.
1009 558 1126 619 Sed
1175 558 1405 618 videtur
1450 563 1504 618 ei
1548 562 1828 634 carmini,
1888 561 2040 637 quod
2089 564 2149 618 in
2202 562 2427 620 Parali-
2513 604 2519 609 -

220 640 524 719 pomeno3n
563 642 714 701 libro
756 652 984 717 exstat,
1046 644 1159 703 hoc
1199 646 1653 706 additamentum
1692 665 1767 704 ex
1809 656 2011 703 nostro
2055 645 2283 704 Psalmo
2322 648 2429 705 ad-

215 739 410 786 sutum
453 745 595 785 esse.

390 848 492 907 48.
576 846 706 907 vid.
747 845 823 904 ad
863 847 970 920 41,
1009 847 1108 904 14.

1166 1036 1279 1097 Ps.
1343 1038 1485 1098 107.

386 1149 518 1210 Hoc
547 1150 776 1210 Psalmo
810 1153 1063 1230 quinque
1090 1155 1333 1228 produci
1364 1157 1575 1214 classes
1607 1157 1861 1227 illorum,
1903 1155 2003 1230 qui
2036 1175 2112 1213 ex
2140 1158 2429 1236 angustiis

217 1250 277 1297 et
303 1238 578 1315 periculis
605 1237 834 1296 liberati
863 1237 937 1295 ad
969 1241 1191 1316 gratias
1221 1238 1349 1297 Deo
1380 1242 1633 1320 agendas
1669 1241 1927 1298 devincti
1959 1241 2103 1313 sint,
2142 1252 2200 1297 et
2227 1242 2441 1320 primo-

161 1356 169 1371 »
218 1324 472 1401 quidem,
513 1322 634 1399 qui,
676 1333 978 1398 postquam
1012 1324 1242 1382 sedibus
1278 1327 1400 1382 suis
1432 1326 1662 1403 expulsi
1691 1343 1969 1382 summam
2002 1325 2115 1383 cibi
2144 1335 2432 1404 potusque

218 1408 523 1485 penuriam
579 1408 735 1483 passi
788 1417 1015 1480 essent,
1074 1411 1335 1467 restituti
1382 1412 1507 1467 sint
1551 1429 1587 1467 a
1634 1408 1764 1468 Deo
1812 1412 1875 1466 in
1918 1428 2041 1466 rem
2085 1409 2433 1469 familiarem

220 1492 350 1570 (Vs.
376 1494 417 1548 2
442 1524 505 1534 *-
531 1492 654 1566 9.);
700 1491 973 1563 secunda,
1018 1496 1118 1569 qui
1150 1512 1222 1551 ex
1249 1513 1481 1551 carcere
1510 1506 1569 1553 et
1604 1495 1851 1551 vinculis
1884 1496 1944 1549 in
1979 1494 2307 1551 libertatem
2326 1514 2433 1552 ‚as-

173 1596 176 1597 ⁷
215 1579 374 1635 serti
402 1573 777 1651 (·10-16.),
812 1578 1019 1649 tertio,
1050 1580 1152 1655 qui
1177 1598 1251 1635 ex
1278 1579 1481 1636 morbo
1507 1581 1780 1659 graviore
1809 1579 2038 1635 liberati
2067 1578 2096 1656 (
2106 1580 2433 1655 1’7-22.),

221 1670 465 1739 quarto,
501 1663 601 1738 qui
632 1681 705 1719 ex
738 1662 975 1725 immani
1001 1664 1253 1739 procella
1283 1665 1433 1720 salvi
1458 1665 1521 1721 in
1552 1675 1780 1740 portum
1808 1661 2039 1720 deducti
2063 1663 2434 1740 (zi—32),

219 1748 430 1824 quibus
459 1745 706 1822 denique
743 1746 1119 1825 subjungitur
1148 1748 1342 1826 imago
1378 1758 1602 1821 terrae,
1643 1766 1825 1825 quae,
1871 1755 2178 1824 postquam
2203 1760 2437 1808 vastata
2500 1750 2517 1775 ⁸

223 1833 451 1907 penitus
485 1831 805 1905 incolisque
833 1830 1037 1888 orbata
1064 1841 1251 1904 esset,
1293 1834 1577 1911 receperit
1607 1851 1765 1891 nunc
1796 1833 2031 1889 colonos
2060 1850 2220 1907 suos,
2264 1844 2437 1910 atque

223 1915 298 1973 ad
335 1916 644 1991 pristinam
679 1915 969 1972 culturam
1003 1916 1437 1993 ubertatemque
1464 1917 1740 1990 redierit,
1791 1914 2160 1975 manifestum
2197 1927 2316 1990 est,
2373 1925 2436 1997 et

224 2000 481 2072 pluribus
529 1997 864 2073 jamdudum
914 2001 1326 2075 interpretibus
1380 2002 1772 2062 observatum.
1873 2001 2245 2079 Singularem
2296 2022 2437 2060 vero

221 2086 476 2160 partium
548 2086 779 2141 illarum
848 2086 1136 2141 rationem
1204 2093 1265 2142 et
1334 2086 1778 2162 dispositionem
1850 2087 2071 2161 primus
2140 2090 2433 2164 perspexit

224 2168 680 2225 SanuaREaus
722 2166 815 2244 (in
844 2166 1181 2227 Dissertatt.
1225 2190 1276 2245 p.
1309 2173 1455 2229 480.
1485 2190 1607 2248 sqq.
1612 2166 1673 2248 ),
1716 2172 1817 2266 qui
1850 2170 2149 2245 praeclare
2182 2174 2435 2244 monuit,

226 2271 372 2328 quae
405 2254 620 2327 primae
649 2250 921 2327 strophae
957 2257 1385 2328 praemittitur,
1438 2244 1799 2313 foi-‘mulam
1803 2268 1888 2317 727
1936 2258 2136 2316 25728’*
2182 2256 2327 2333 (vid.
2363 2256 2438 2314 ad

278 2336 444 2414 s..2)
482 2338 658 2394 etiam
690 2336 762 2393 ad
790 2350 907 2393 tres
943 2340 1193 2422 reliquas
1223 2358 1401 2419 acque
1429 2341 1737 2418 pertinere,
1777 2348 1949 2418 atque
1978 2320 2059 2396 ad
2088 2338 2184 2398 Vs.
2215 2342 2435 2399 10.1·1.

226 2432 286 2481 et
329 2423 431 2483 23.
484 2439 607 2479 esse
656 2422 1041 2497 repetendam.
1131 2425 1449 2498 ‚,Etcnim,
1508 2445 1654 2502 quae
1702 2429 1943 2501 primam
1987 2425 2436 2501 subsequuntur,

226 2506 530 2584 strophae,
573 2506 645 2563 ad
674 2508 794 2579 ejus
824 2510 1144 2582 exemplum
1172 2513 1257 2566 ita
1289 2523 1428 2569 sunt
1457 2511 1687 2586 penitus
1719 2510 2148 2583 conformatae,
2200 2520 2265 2568 ut
2299 2529 2438 2586 par-

224 2593 383 2650 tibus
414 2593 535 2649 suis
568 2593 816 2669 singulis
848 2591 1151 2651 manifesto
1180 2596 1269 2652 illi
1294 2594 1696 2670 respondeant.
1767 2596 1959 2652 Primo
1995 2604 2218 2652 certum
2251 2597 2433 2673 genus

227 2675 525 2733 bominum
580 2676 962 2752 producitur,
1030 2677 1234 2736 deinde
1289 2681 1604 2755 exponitur
1671 2680 2015 2737 calamitatis
2070 2679 2435 2759 magnitudo,

228 2763 489 2840 sequitur
526 2763 734 2818 auxilii
771 2759 977 2832 divini,
1018 2763 1251 2838 ejusque
1283 2763 1547 2838 precibus
1580 2762 1903 2844 efflagitati,
1946 2765 2436 2833 commemoratio,

230 2857 289 2902 et
322 2846 396 2902 ad
426 2839 652 2923 gratias
675 2843 801 2901 Deo
831 2847 1183 2924 peragendes
1215 2846 1546 2904 exhortatio
1575 2848 1965 2927 subjungitur.
2022 2846 2232 2923 Igitur,
2261 2866 2437 2922 quum
2546 2893 2553 2904 .

227 2932 399 3005 plane
436 2931 631 2986 eadem
674 2940 946 3005 appareat
986 2930 1354 3006 stropharum
1393 2932 1651 2988 omnium
1689 2932 1864 2989 facies
1897 2940 1953 2986 et
1983 2930 2202 3029 forma,
2259 2931 2435 2988 intel-

229 3015 467 3092 ligitur,
527 3013 679 3090 quod
725 3014 1008 3089 praecedit
1038 3016 1276 3073 verbum
1317 3027 1514 3077 'muts'
1559 3035 1679 3073 non
1721 3019 1823 3074 uni
1867 3016 2082 3091 primae
2115 3016 2342 3089 privum
2381 3027 2438 3073 et

229 3102 551 3175 peculiare,
621 3097 720 3155 sed
766 3100 1003 3174 reliquis
1051 3103 1227 3158 etiam
1278 3118 1578 3159 commune
1625 3120 1748 3158 esse
1795 3099 2019 3158 debere.
2109 3098 2439 3174 Praeterea,

231 3186 348 3241 nisi
378 3192 672 3259 repetatur
702 3182 952 3240 formula
981 3182 1140 3259 haec,
1182 3185 1439 3257 verbum,
1472 3205 1584 3262 quo
1618 3186 1911 3244 commode
1940 3182 2284 3255 referantur,
2318 3202 2440 3243 non

125 3283 134 3289 ⁴
229 3266 444 3326 habent
482 3270 716 3324 nomina
759 3274 906 3354 *fam
949 3277 1098 3330 ’ἔθ’
1145 3268 1242 3327 Vs.
1277 3274 1389 3343 10,
1439 3267 1619 3334 0³57&
1666 3268 1761 3327 Vs
1792 3271 1887 3326 17.
1894 3270 1934 3304 “
2020 3271 2438 3347 Argumentum

233 3353 507 3409 carminis
547 3352 699 3428 quod
733 3355 961 3425 attinet,
1003 3356 1258 3430 plerique
1286 3365 1575 3428 statuunt,
1605 3358 1902 3415 continere
1932 3355 2073 3411 illud
2110 3357 2438 3430 generalem

234 3437 782 3495 commendationem
837 3438 1235 3513 providentiae
1288 3450 1460 3515 atque
1504 3441 1884 3518 benignitatis
1939 3438 2206 3511 divinae,
2272 3457 2443 3514 quam

235 3531 407 3594 poeta
438 3523 709 3597 exemplis
744 3523 1082 3598 quibusdam
1112 3524 1484 3598 demonstret,
1515 3545 1589 3585 cx
1618 3524 1826 3603 quibus
1854 3524 2170 3602 singularis
2204 3524 2304 3580 illa
2330 3523 2442 3582 Dei

234 3604 602 3684 benignitas,
659 3610 916 3682 potentia
966 3615 1024 3664 et
1067 3611 1353 3684 sapientia
1400 3613 1462 3666 in
1502 3612 1922 3689 gubernatione
1968 3608 2136 3682 hujus
2182 3609 2442 3665 universi

237 3692 513 3768 cognosci
557 3694 756 3766 possit.
842 3690 1158 3750 verissime
1194 3706 1389 3751 tamen
1434 3696 1763 3755 observavit
1805 3691 2234 3764 Schnurrerus,
2290 3691 2447 3750 hunc

235 3777 425 3832 locum
461 3776 512 3831 si
545 3785 795 3834 tractare
826 3777 888 3832 in
925 3779 1118 3836 animo
1158 3779 1452 3837 habuisset
1486 3794 1690 3856 poeta,
1752 3789 1815 3836 ut
1851 3779 2149 3854 providam
2176 3777 2449 3835 Numinis

238 3877 458 3930 curam,
495 3877 641 3937 quae
670 3880 866 3921 omnes
897 3866 1086 3919 omnis
1122 3866 1350 3944 generis
1381 3864 1641 3923 homines
1671 3864 2107 3938 complectatur,
2138 3863 2449 3921 celebraret

241 3945 813 4023 commendaretque,
885 3949 1073 4005 multo
1119 3949 1576 4007 aliter-scenam
1625 3954 2080 4018 instructurum,
2152 3957 2323 4023 atque
2374 3966 2450 4005 ex

240 4028 507 4098 infinita,
562 4049 706 4106 quae
757 4042 987 4106 praesto
1039 4042 1200 4105 erat,
1260 4035 1635 4093 multitudine
1682 4034 2069 4109 exemplorum
2115 4035 2280 4112 copia
2328 4032 2451 4090 alia

239 4113 635 4172 adhibiturum
669 4115 869 4198 fuisse,
907 4135 1055 4192 quae
1085 4117 1159 4175 ad
1186 4135 1305 4189 eos,
1345 4121 1551 4195 quibus
1584 4123 1845 4198 proxime
1871 4116 2177 4191 scribebat,
2216 4119 2452 4195 propius

241 4199 623 4274 pertinerent,
662 4210 837 4279 atque
865 4198 939 4258 ad
967 4204 1192 4261 animos
1220 4221 1420 4261 eorum
1448 4206 1760 4263 movendos
1791 4204 2094 4260 certiorem
2137 4206 2258 4261 vim
2287 4201 2454 4259 habi-

242 4293 380 4341 tura
422 4295 651 4359 essent,
710 4305 879 4364 quam
928 4305 976 4345 e.
1018 4307 1068 4345 c.
1108 4287 1232 4346 fata
1274 4292 1679 4369 navigantium
1725 4286 1852 4367 (Vs.
1892 4285 2244 4365 23-32.)·.
2330 4284 2453 4357 „Si

241 4385 380 4424 Vero
432 4371 677 4444 primam
724 4373 998 4432 carminis
1057 4382 1282 4452 partem
1340 4376 1586 4434 seorsim
1641 4373 1990 4451 spectaretis
2047 4366 2220 4450 (utor
2259 4367 2453 4427 verbis

753 4525 790 4546 N
