2747 4800
1069 273 1189 357 1²22.
1231 280 1353 374 68,
1404 304 1472 353 2.
1742 295 1748 311 ·
2222 239 2374 367 ‘401

167 473 443 533 conficiat
473 471 669 531 hostes
697 491 869 546 suos,
914 474 1014 550 qui
1047 482 1187 530 sunt
1213 468 1410 530 hostes
1440 470 1641 548 populi
1664 471 1796 545 aui,
1833 481 1895 532 et
1917 490 2033 550 qua
2060 474 2383 541 benefaciat

167 562 317 617 suis.
403 557 1010 634 Utramque‘ostendit
1042 576 1114 615 ex
1148 558 1519 633 antiquitate,
1562 558 1821 633 repetitis
1848 562 2124 636 exemplis
2157 583 2378 640 eorum,

168 664 319 722 quae
352 642 501 702 Jova
526 642 789 721 patribus
822 643 1181 715 praestiterit
1208 640 1624 718 occupantibus
1654 651 1869 701 terram
1895 641 2278 721 cananaeam,
2319 659 2380 707 et

159 730 535 810 μιμητικῶς,
599 728 878 803 valdeque
931 728 1152 803 poetice
1202 720 1557 804 ἠθοποιΐαν
1611 726 1790 801 prinei
1824 728 2059 804 epinicii
2103 729 2382 791 informat

165 812 291 888 (Vs.
328 816 357 870 1
379 809 630 890 -15.).
717 808 943 886 Deinde
1005 809 1329 868 celebratur
1375 810 1697 889 singularia
1750 814 2190 891 praerogativa,
2260 835 2376 896 qua

161 895 327 957 Deus
358 907 611 955 montem
640 895 918 969 Zionem,
962 905 1032 954 ut
1055 894 1248 975 sedem
1280 913 1444 954 suam
1477 897 1729 974 elegerat
1765 890 1873 972 (16
1893 927 1962 938 -
1992 895 2136 978 19.).
2222 897 2378 960 Tum

163 991 492 1058 sequuntur
538 997 733 1057 preces
788 999 893 1057 pro
938 980 1304 1056 impetrando
1348 979 1573 1038 auxilio
1616 978 1817 1038 divino
1860 980 2134 1041 adversus
2178 982 2378 1044 hostes

163 1066 354 1123 adhuc
386 1063 748 1125 debellandos
781 1059 1153 1142 (20—31.).
1218 1062 1481 1122 Tandem
1515 1065 1848 1124 excitantur
1876 1081 2072 1125 omnes
2102 1073 2377 1129 mortales

160 1150 235 1208 ad
278 1157 507 1208 tantam
546 1149 716 1223 hujus
754 1147 870 1206 Dei
907 1151 1266 1225 majestatem
1302 1145 1728 1229 agnoscendam
1763 1158 1824 1207 et
1850 1162 2182 1213 reverenter
2219 1157 2377 1214 cele-

160 1234 442 1292 brandam
481 1233 592 1310 (32
612 1265 678 1276 -—-
699 1232 849 1307 36.).

333 1334 493 1395 Satis
531 1333 848 1412 probabilis
886 1344 977 1392 eet
1010 1337 1390 1414 interpretum
1426 1331 1809 1413 complurium
1842 1332 2208 1415 conjectura,
2260 1333 2375 1401 boc

160 1438 396 1478 carmen
440 1437 477 1477 a
512 1418 739 1478 Davide
779 1423 1158 1497 compositum
1197 1438 1320 1478 esse
1353 1439 1429 1478 ex
1464 1421 1766 1478 occasione
1796 1422 1954 1479 illius
1981 1423 2375 1499 solennitatis,

159 1523 277 1582 qua
333 1523 473 1562 arca
521 1522 688 1562 sacra
734 1523 810 1562 ex
855 1505 1093 1563 aedibus
1144 1505 1498 1565 obededomi
1550 1507 1612 1563 in
1662 1522 1850 1562 arcem
1894 1505 2251 1568 Zioniticam
2295 1510 2372 1569 ad

161 1591 353 1647 locum
408 1590 467 1648 ei
511 1599 772 1667 paratum
819 1589 1236 1648 transferretur
1278 1592 1350 1666 (2
1368 1589 1528 1649 Sam.
1560 1592 1631 1662 6,
1670 1589 1763 1646 12.
1803 1608 1929 1667 sqq.
1999 1589 2185 1650 lchr.
2219 1592 2367 1669 15.).

161 1672 282 1731 Alii
314 1692 546 1731 carmen
581 1675 652 1757 in⁴
675 1692 843 1733 arcae
872 1692 1070 1732 sacrae
1104 1675 1293 1732 reditu
1330 1694 1361 1731 e
1394 1674 1541 1733 bello
1570 1674 1816 1732 feliciter
1843 1684 2007 1755 gesto
2041 1677 2106 1733 in
2134 1678 2373 1738 solenni

158 1777 370 1834 pompa
404 1759 465 1814 in
496 1760 893 1816 sanctuarium
924 1758 1196 1817 reductae
1227 1758 1595 1817 decantatum
1629 1759 1983 1816 existimant.
2064 1760 2213 1820 Ante
2242 1762 2367 1821 Da-

157 1844 351 1901 videm
389 1861 616 1900 carmen
647 1862 766 1899 non
801 1862 924 1899 esse
955 1843 1205 1917 factum,
1247 1844 1446 1924 arguit
1475 1845 1795 1900 sanctuarii
1830 1843 1891 1900 in
1922 1843 2060 1902 urbe
2086 1843 2370 1906 Hieroso-

157 1928 444 2003 lymitana
478 1929 695 1985 mentio
724 1926 819 1983 Vs.
847 1928 948 1984 30.
1021 1927 1232 2004 ’Neque
1259 1947 1399 1984 vero
1428 1937 1558 2003 post
1588 1927 1777 1985 decem
1808 1929 2062 1986 tribuum
2091 1926 2369 2004 defectio-

160 2030 288 2068 nem
325 2013 704 2087 compositum
737 2021 861 2084 est,
920 2029 1094 2088 quum
1127 2013 1314 2070 tribus
1347 2005 1503 2069 Juda
1534 2024 1594 2068 et
1622 2010 1924 2084 Beniamin
1953 2032 2081 2070 cum
2109 2013 2370 2076 Sebulon

156 2103 216 2150 et
250 2095 527 2172 Naphtali
561 2098 797 2169 junctae
827 2095 927 2153 Vs.
958 2098 1059 2154 28.
1101 2105 1638 2154 commemorentur.
1722 2093 1894 2154 Haud
1934 2097 2108 2173 plane
2150 2101 2371 2178 impro-

155 2178 368 2237 babilis
398 2199 596 2238 eorum
625 2182 948 2251 sententia,
996 2183 1095 2259 qui
1125 2192 1256 2258 post
1290 2180 1504 2237 bellum
1538 2197 1574 2237 a
1601 2178 1830 2239 Davide
1859 2180 2109 2239 feliciter
2137 2195 2369 2264 gestum

157 2272 368 2320 contra
395 2261 594 2339 ‘Syros
634 2264 894 2340 aliosque
931 2283 1060 2322 cum
1100 2267 1176 2321 iis
1212 2266 1447 2339 junctos
1489 2265 1732 2340 populos
1774 2261 2010 2344 (2Sam.
2041 2267 2102 2339 8,
2133 2270 2189 2326 5.
2217 2265 2367 2350 sqq.)

154 2362 390 2403 carmen
434 2343 648 2404 factum
693 2355 917 2423 putant.
971 2378 1059 2394 —
1114 2347 1405 2406 Peculiari
1443 2345 1753 2409 Dissertat.
1794 2359 2026 2425 praeter
2068 2352 2214 2410 alios
2254 2352 2368 2415 boc

155 2447 391 2487 carmen
422 2431 744 2491 illustravit
776 2430 840 2489 C.
870 2431 937 2491 F.
965 2433 1346 2493 Scnnuaaza
1377 2434 1441 2491 in
1468 2429 1840 2493 Dium-tatt-
1867 2431 2149 2515 philolog.
2192 2440 2364 2499 crin.

152 2513 368 2590 (Goth.
410 2513 621 2591 179⁰.)
660 2534 716 2591 p.
744 2517 885 2578 285.
914 2538 1040 2596 sqq.

327 2616 483 2684 Quia
516 2618 760 2692 epistola
793 2618 864 2677 ad
894 2618 1175 2696 Ephesios
1215 2614 1302 2693 (4,
1331 2615 1422 2695 8.)
1452 2616 1696 2676 Versum
1725 2616 1900 2694 hujus
1929 2618 2147 2679 Psalmi
2180 2639 2361 2685 unum

153 2698 319 2776 (19.)
366 2702 780 2777 interpretatur
826 2702 894 2760 de
933 2703 1154 2761 Christi
1199 2705 1486 2775 victoria,
1555 2720 1670 2780 qua
1714 2723 1746 2761 e
1788 2713 1975 2763 morte
2017 2711 2362 2784 resurrexit,

152 2787 389 2860 ejusque
422 2788 756 2843 ascensione
788 2788 851 2843 in
879 2789 1121 2861 coelum,
1164 2786 1294 2844 ideo
1326 2790 1522 2864 plures
1553 2796 1740 2846 totum
1771 2786 2056 2845 Psalmum
2087 2789 2156 2846 de
2188 2789 2361 2849 chri-

152 2882 266 2941 sto,
314 2868 561 2930 historia
588 2881 646 2928 et
677 2889 859 2951 regno
890 2875 1011 2945 ejus
1042 2875 1523 2947 interpretantur,
1561 2871 1620 2927 id
1649 2871 1802 2947 quod
1834 2870 2358 2934 detortissimarum

154 2955 697 3028 interpretationum
745 2973 973 3012 causam
1025 2954 1233 3013 afferre
1277 2956 1495 3014 debuit.
1584 2953 1895 3013 verissime
1940 2973 2080 3013 vero
2130 2960 2361 3017 monuit

152 3037 646 3108 Scuwnnmw,
689 3039 934 3117 pendere
959 3043 1073 3098 vim
1109 3058 1332 3098 omnem
1365 3041 1919 3119 argumentationis,
1967 3056 2082 3119 qua
2110 3042 2361 3117 Aposto-

151 3125 241 3180 lus
287 3125 420 3179 loeo
466 3125 567 3179 illo
615 3128 832 3197 utitur,
889 3142 924 3182 a
955 3124 1179 3183 Graeca
1209 3128 1505 3197 versione,
1561 3142 1675 3202 qua
1709 3122 1887 3181 Paulo
1918 3125 2107 3183 locum
2139 3124 2357 3189 Psalmi
2450 3171 2454 3177 -

152 3204 285 3286 (Vs.
310 3204 436 3283 19.)
466 3207 702 3273 reddere
726 3211 914 3268 visum
947 3220 1050 3267 est.
1120 3209 1188 3267 In
1218 3228 1330 3286 qua
1360 3229 1534 3288 quum
1565 3209 1742 3267 verba
1770 3210 1872 3268 καὶ
1900 3204 2084 3271 ἔδωκε
2113 3203 2357 3287 δόματα

149 3300 279 3363 τοῖς
321 3280 715 3371 ἇνθρῶποις,
766 3296 1037 3353 recedant
1065 3296 1232 3372 plane
1261 3313 1402 3352 vero
1438 3305 1498 3352 et
1530 3295 1703 3353 obvio
1739 3311 1909 3352 sensu
1942 3292 2226 3355 formulae
2252 3296 2355 3355 be·-

151 3378 417 3448 braicae,
479 3384 644 3442 nana
685 3384 891 3441 ωιτη),
932 3378 1149 3464 ηηιῖξ,
1205 3396 1317 3455 qua
1352 3378 1511 3437 Deus
1546 3388 1812 3456 acceptdr
1844 3397 2176 3457 munerum,
2230 3400 2353 3440 non

149 3472 354 3520 auctor
380 3442 644 3531 dieitur?
680 3446 842 3522 haud
863 3447 1169 3522 diffic'ult'er
1203 3463 1583 3543 intelligitur,
1634 3483 1754 3522 non
1789 3463 1861 3520 ad
1893 3464 2248 3540 probandum
2279 3450 2378 3526 ab⁸

144 3547 429 3622 Apostolo
466 3561 801 3625 usurpatum
835 3568 958 3606 esse
986 3547 1202 3605 Psalmi
1231 3552 1612 3623 sententiam,
1653 3549 1753 3606 sed
1783 3549 1854 3606 ad
1883 3566 2006 3606 rem
2029 3550 2237 3625 aliam,
2282 3551 2353 3610 de

145 3648 260 3707 qua
291 3632 408 3707 ipsi
437 3650 624 3692 sermo
654 3646 800 3709 erat,
845 3633 1241 3692 tantummodo
1273 3636 1778 3693 accommodatam.

315 3773 373 3828 2.
430 3770 594 3830 Scita
622 3784 713 3831 est
747 3773 1150 3834 Sermonum!
1185 3773 1535 3847 observatio,
1575 3773 1863 3832 Psalmum
1896 3773 1983 3831 ita
2015 3773 2201 3833 videri
2229 3773 2350 3833 dla-

138 3857 394 3933 positum
413 3896 434 3928 ,
492 3868 559 3914 ut
594 3859 746 3916 inter
784 3862 965 3933 ipsam
993 3874 1259 3933 pompam
1292 3856 1652 3918 deducendae
1684 3876 1853 3916 areae
1881 3867 2073 3933 posset
2105 3860 2347 3917 cantari.

139 3938 386 4013 „Habet
433 3942 620 4020 igitur
664 3944 969 4005 intervalla
1013 3941 1288 4018 quaedam
1334 3960 1478 4014 sua,
1553 3954 1612 4002 et
1665 3952 1893 4001 constat
1937 3961 2012 4002 ex
2052 3942 2348 4001 distinctis

135 4026 436 4101 partibus,
497 4046 640 4104 quas
683 4030 919 4086 omnino
956 4024 1112 4085 baud
1157 4043 1301 4100 opus
1339 4038 1464 4100 est,
1521 4029 1848 4087 arctissimo
1888 4045 2041 4085 nexu
2081 4028 2237 4085 inter
2281 4045 2345 4084 se

136 4108 464 4169 cohaerere.
546 4111 629 4172 Et
668 4114 902 4170 initium
947 4111 1176 4191 quidem
1217 4112 1341 4185 ejus
1387 4113 1661 4172 cantandi
1701 4110 1916 4171 factum
1954 4128 2078 4169 esse
2119 4111 2346 4169 dixeri-

132 4212 299 4267 mus,
359 4213 487 4253 cum
517 4216 654 4256 arca
686 4218 718 4256 e
747 4200 878 4257 loco
908 4198 983 4257 ad
1009 4197 1255 4256 Zionem
1287 4200 1590 4272 proximo,
1628 4217 1741 4274 quo
1771 4207 1943 4255 antea
1969 4196 2347 4275 substitisset,

133 4279 471 4339 solemniter
499 4284 809 4359 procedere
845 4285 1147 4358 inciperet.
1231 4278 1437 4343 Utitur
1467 4285 1618 4341 enim
1643 4281 1897 4340 Davides
1925 4280 2024 4337 Vs.
2054 4282 2110 4338 2.
2147 4281 2343 4338 eadem

129 4365 301 4505 Ρῖῗθ
328 4364 597 4505 {armum
637 4387 751 4446 qna
782 4367 972 4429 Moses
1005 4372 1143 4429 olim
1176 4374 1264 4428 uti
1299 4378 1694 4511 consuevergt,
1721 4368 2175 4444 quotiescunque
2205 4379 2345 4419 arca

253 4470 326 4505 am
346 4469 445 4507 mn.
1683 4471 1714 4509 c
