<?xml version="1.0" encoding="UTF-8"?>
<!DOCTYPE html PUBLIC "-//W3C//DTD XHTML 1.0 Transitional//EN"
    "http://www.w3.org/TR/xhtml1/DTD/xhtml1-transitional.dtd">
<html xmlns="http://www.w3.org/1999/xhtml" xml:lang="en" lang="en">
 <head>
  <title>
</title>
<meta http-equiv="Content-Type" content="text/html;charset=utf-8" />
  <meta name='ocr-system' content='tesseract 3.04.00' />
  <meta name='ocr-capabilities' content='ocr_page ocr_carea ocr_par ocr_line ocrx_word'/>
</head>
<body>
  <div class='ocr_page' id='page_1' title='image "./ernfridcarrosen02rosegoog_0316.png"; bbox 0 0 2747 4800; ppageno 0'>
   <div class='ocr_carea' id='block_1_1' title="bbox 356 193 1638 323">
    <p class='ocr_par' dir='ltr' id='par_1_1' title="bbox 356 193 1638 323">
     <span class='ocr_line' id='line_1_1' title="bbox 356 193 1638 323; baseline -0.012 -1"><span class='ocrx_word' id='word_1_1' title='bbox 356 245 511 323; x_wconf 82' lang='grc'><strong>276</strong></span> <span class='ocrx_word' id='word_1_2' title='bbox 838 253 847 265; x_wconf 87' lang='grc'><em>“</em></span> <span class='ocrx_word' id='word_1_3' title='bbox 910 193 917 208; x_wconf 38' lang='lat'><strong>¹</strong></span> <span class='ocrx_word' id='word_1_4' title='bbox 1325 246 1451 312; x_wconf 77' lang='lat' dir='ltr'><strong>Pa.</strong></span> <span class='ocrx_word' id='word_1_5' title='bbox 1522 244 1638 311; x_wconf 78' lang='lat'><strong>41.</strong></span> 
     </span>
    </p>
   </div>
   <div class='ocr_carea' id='block_1_2' title="bbox 1337 412 1664 504">
    <p class='ocr_par' dir='ltr' id='par_1_2' title="bbox 1337 412 1664 504">
     <span class='ocr_line' id='line_1_2' title="bbox 1337 412 1664 504; baseline -0.006 0"><span class='ocrx_word' id='word_1_6' title='bbox 1337 443 1453 504; x_wconf 68' lang='lat' dir='ltr'><strong>Pa.</strong></span> <span class='ocrx_word' id='word_1_7' title='bbox 1505 447 1609 503; x_wconf 80' lang='lat'><strong>41.</strong></span> <span class='ocrx_word' id='word_1_8' title='bbox 1657 412 1664 422; x_wconf 76' lang='grc'>’</span> 
     </span>
    </p>
   </div>
   <div class='ocr_carea' id='block_1_3' title="bbox 278 557 2696 2432">
    <p class='ocr_par' dir='ltr' id='par_1_3' title="bbox 278 557 2577 1239">
     <span class='ocr_line' id='line_1_3' title="bbox 538 557 2573 641; baseline -0.004 -16"><span class='ocrx_word' id='word_1_9' title='bbox 538 564 795 625; x_wconf 83' lang='lat' dir='ltr'><strong>Miseriis</strong></span> <span class='ocrx_word' id='word_1_10' title='bbox 837 579 1140 641; x_wconf 87' lang='lat' dir='ltr'><strong>oppressus</strong></span> <span class='ocrx_word' id='word_1_11' title='bbox 1185 558 1381 620; x_wconf 79' lang='lat' dir='ltr'><strong>fausta</strong></span> <span class='ocrx_word' id='word_1_12' title='bbox 1421 571 1768 639; x_wconf 73' lang='lat' dir='ltr'><strong>apprecatur</strong></span> <span class='ocrx_word' id='word_1_13' title='bbox 1811 558 1922 632; x_wconf 85' lang='lat' dir='ltr'><strong>lis,</strong></span> <span class='ocrx_word' id='word_1_14' title='bbox 1994 557 2095 635; x_wconf 89' lang='lat' dir='ltr'><strong>qui</strong></span> <span class='ocrx_word' id='word_1_15' title='bbox 2145 557 2573 618; x_wconf 85' lang='lat' dir='ltr'><strong>misericordiae</strong></span> 
     </span>
     <span class='ocr_line' id='line_1_4' title="bbox 370 643 2572 723; baseline -0.005 -10"><span class='ocrx_word' id='word_1_16' title='bbox 370 653 579 713; x_wconf 84' lang='lat' dir='ltr'><strong>affectu</strong></span> <span class='ocrx_word' id='word_1_17' title='bbox 607 652 769 710; x_wconf 83' lang='lat' dir='ltr'><strong>ducti</strong></span> <span class='ocrx_word' id='word_1_18' title='bbox 802 651 1042 706; x_wconf 83' lang='lat' dir='ltr'><strong>miseros</strong></span> <span class='ocrx_word' id='word_1_19' title='bbox 1077 657 1286 704; x_wconf 88' lang='lat' dir='ltr'><strong>curant</strong></span> <span class='ocrx_word' id='word_1_20' title='bbox 1313 650 1636 723; x_wconf 76' lang='lat' dir='ltr'><strong>juvantque</strong></span> <span class='ocrx_word' id='word_1_21' title='bbox 1665 644 1791 723; x_wconf 89' lang='lat' dir='ltr'><strong>(Vs.</strong></span> <span class='ocrx_word' id='word_1_22' title='bbox 1822 643 2098 718; x_wconf 81' lang='lat'>2—4.),</span> <span class='ocrx_word' id='word_1_23' title='bbox 2140 646 2404 720; x_wconf 90' lang='lat' dir='ltr'><strong>queritur</strong></span> <span class='ocrx_word' id='word_1_24' title='bbox 2434 664 2572 702; x_wconf 84' lang='lat' dir='ltr'><strong>vero</strong></span> 
     </span>
     <span class='ocr_line' id='line_1_5' title="bbox 371 725 2573 811; baseline -0.006 -14"><span class='ocrx_word' id='word_1_25' title='bbox 371 741 445 797; x_wconf 87' lang='lat' dir='ltr'><strong>de</strong></span> <span class='ocrx_word' id='word_1_26' title='bbox 471 740 639 807; x_wconf 80' lang='lat' dir='ltr'><strong>aliis,</strong></span> <span class='ocrx_word' id='word_1_27' title='bbox 698 736 796 811; x_wconf 89' lang='lat' dir='ltr'><strong>&#39;qui</strong></span> <span class='ocrx_word' id='word_1_28' title='bbox 827 735 1113 790; x_wconf 85' lang='lat' dir='ltr'><strong>insultant</strong></span> <span class='ocrx_word' id='word_1_29' title='bbox 1142 741 1200 788; x_wconf 87' lang='lat' dir='ltr'><strong>ct</strong></span> <span class='ocrx_word' id='word_1_30' title='bbox 1230 733 1561 790; x_wconf 77' lang='lat' dir='ltr'><strong>obtrectant</strong></span> <span class='ocrx_word' id='word_1_31' title='bbox 1588 734 1643 788; x_wconf 92' lang='lat' dir='ltr'><strong>ei</strong></span> <span class='ocrx_word' id='word_1_32' title='bbox 1677 733 1741 788; x_wconf 91' lang='lat' dir='ltr'><strong>in</strong></span> <span class='ocrx_word' id='word_1_33' title='bbox 1772 748 1879 786; x_wconf 90' lang='lat' dir='ltr'><strong>sua</strong></span> <span class='ocrx_word' id='word_1_34' title='bbox 1911 729 2237 790; x_wconf 77' lang='lat' dir='ltr'><strong>calamitate</strong></span> <span class='ocrx_word' id='word_1_35' title='bbox 2278 726 2344 805; x_wconf 83' lang='lat'><strong>(5</strong></span> <span class='ocrx_word' id='word_1_36' title='bbox 2366 725 2573 806; x_wconf 81' lang='lat'><strong>-9.)‚</strong></span> 
     </span>
     <span class='ocr_line' id='line_1_6' title="bbox 370 815 2571 898; baseline -0.005 -17"><span class='ocrx_word' id='word_1_37' title='bbox 370 835 430 881; x_wconf 84' lang='lat' dir='ltr'><strong>ct</strong></span> <span class='ocrx_word' id='word_1_38' title='bbox 469 821 738 898; x_wconf 90' lang='lat' dir='ltr'><strong>inprimis</strong></span> <span class='ocrx_word' id='word_1_39' title='bbox 780 817 853 875; x_wconf 79' lang='lat' dir='ltr'><strong>de</strong></span> <span class='ocrx_word' id='word_1_40' title='bbox 894 817 1143 894; x_wconf 88' lang='lat' dir='ltr'><strong>quodam</strong></span> <span class='ocrx_word' id='word_1_41' title='bbox 1186 835 1260 873; x_wconf 79' lang='lat' dir='ltr'><strong>cx</strong></span> <span class='ocrx_word' id='word_1_42' title='bbox 1299 816 1427 888; x_wconf 85' lang='lat' dir='ltr'><strong>his,</strong></span> <span class='ocrx_word' id='word_1_43' title='bbox 1485 817 1589 891; x_wconf 88' lang='lat' dir='ltr'><strong>qui</strong></span> <span class='ocrx_word' id='word_1_44' title='bbox 1629 815 1986 872; x_wconf 85' lang='lat' dir='ltr'><strong>necessarius</strong></span> <span class='ocrx_word' id='word_1_45' title='bbox 2031 824 2091 869; x_wconf 87' lang='lat' dir='ltr'><strong>et</strong></span> <span class='ocrx_word' id='word_1_46' title='bbox 2131 815 2397 872; x_wconf 85' lang='lat' dir='ltr'><strong>alumnus</strong></span> <span class='ocrx_word' id='word_1_47' title='bbox 2435 831 2571 871; x_wconf 88' lang='lat' dir='ltr'><strong>suus</strong></span> 
     </span>
     <span class='ocr_line' id='line_1_7' title="bbox 370 899 2574 986; baseline -0.005 -20"><span class='ocrx_word' id='word_1_48' title='bbox 370 907 551 966; x_wconf 77' lang='lat' dir='ltr'><strong>fuerit</strong></span> <span class='ocrx_word' id='word_1_49' title='bbox 589 899 780 986; x_wconf 83' lang='lat'>(10.).</span> <span class='ocrx_word' id='word_1_50' title='bbox 862 902 1217 977; x_wconf 87' lang='lat' dir='ltr'><strong>Imprecatur</strong></span> <span class='ocrx_word' id='word_1_51' title='bbox 1257 912 1448 959; x_wconf 86' lang='lat' dir='ltr'><strong>autem</strong></span> <span class='ocrx_word' id='word_1_52' title='bbox 1492 901 1702 957; x_wconf 72' lang='lat' dir='ltr'><strong>nialum</strong></span> <span class='ocrx_word' id='word_1_53' title='bbox 1749 900 1866 956; x_wconf 91' lang='lat' dir='ltr'><strong>illis</strong></span> <span class='ocrx_word' id='word_1_54' title='bbox 1907 899 2159 955; x_wconf 89' lang='lat' dir='ltr'><strong>inimicis</strong></span> <span class='ocrx_word' id='word_1_55' title='bbox 2203 901 2362 976; x_wconf 81' lang='lat' dir='ltr'><strong>suis,</strong></span> <span class='ocrx_word' id='word_1_56' title='bbox 2411 906 2471 955; x_wconf 86' lang='lat' dir='ltr'><strong>et</strong></span> <span class='ocrx_word' id='word_1_57' title='bbox 2512 916 2574 954; x_wconf 84' lang='lat' dir='ltr'><strong>se</strong></span> 
     </span>
     <span class='ocr_line' id='line_1_8' title="bbox 371 984 2575 1060; baseline -0.004 -11"><span class='ocrx_word' id='word_1_58' title='bbox 371 1012 408 1050; x_wconf 87' lang='lat' dir='ltr'><strong>a</strong></span> <span class='ocrx_word' id='word_1_59' title='bbox 446 992 600 1049; x_wconf 84' lang='lat' dir='ltr'><strong>malo</strong></span> <span class='ocrx_word' id='word_1_60' title='bbox 639 1008 783 1060; x_wconf 84' lang='lat' dir='ltr'><strong>suo,</strong></span> <span class='ocrx_word' id='word_1_61' title='bbox 826 987 1014 1045; x_wconf 80' lang='lat' dir='ltr'><strong>morbi</strong></span> <span class='ocrx_word' id='word_1_62' title='bbox 1058 992 1117 1042; x_wconf 89' lang='lat' dir='ltr'><strong>et</strong></span> <span class='ocrx_word' id='word_1_63' title='bbox 1150 987 1544 1043; x_wconf 69' lang='lat' dir='ltr'><strong>calamitatum</strong></span> <span class='ocrx_word' id='word_1_64' title='bbox 1579 995 1934 1054; x_wconf 86' lang='lat' dir='ltr'><strong>ceterarum,</strong></span> <span class='ocrx_word' id='word_1_65' title='bbox 1985 984 2221 1040; x_wconf 87' lang='lat' dir='ltr'><strong>liberari</strong></span> <span class='ocrx_word' id='word_1_66' title='bbox 2254 985 2432 1058; x_wconf 83' lang='lat' dir='ltr'><strong>petit,</strong></span> <span class='ocrx_word' id='word_1_67' title='bbox 2474 1001 2575 1059; x_wconf 81' lang='lat' dir='ltr'><strong>spe</strong></span> 
     </span>
     <span class='ocr_line' id='line_1_9' title="bbox 368 1066 2577 1150; baseline -0.005 -16"><span class='ocrx_word' id='word_1_68' title='bbox 368 1074 700 1134; x_wconf 87' lang='lat' dir='ltr'><strong>indubitata</strong></span> <span class='ocrx_word' id='word_1_69' title='bbox 750 1083 810 1129; x_wconf 87' lang='lat' dir='ltr'><strong>et</strong></span> <span class='ocrx_word' id='word_1_70' title='bbox 859 1071 1073 1129; x_wconf 82' lang='lat' dir='ltr'><strong>fiducia</strong></span> <span class='ocrx_word' id='word_1_71' title='bbox 1122 1080 1280 1128; x_wconf 79' lang='lat' dir='ltr'><strong>certa</strong></span> <span class='ocrx_word' id='word_1_72' title='bbox 1334 1071 1718 1150; x_wconf 68' lang='lat' dir='ltr'><strong>benignitatis</strong></span> <span class='ocrx_word' id='word_1_73' title='bbox 1776 1079 1839 1126; x_wconf 89' lang='lat' dir='ltr'><strong>et</strong></span> <span class='ocrx_word' id='word_1_74' title='bbox 1893 1069 2122 1148; x_wconf 80' lang='lat' dir='ltr'><strong>gratiae</strong></span> <span class='ocrx_word' id='word_1_75' title='bbox 2169 1066 2285 1126; x_wconf 92' lang='lat' dir='ltr'><strong>Dei</strong></span> <span class='ocrx_word' id='word_1_76' title='bbox 2329 1084 2472 1148; x_wconf 83' lang='lat' dir='ltr'><strong>erga</strong></span> <span class='ocrx_word' id='word_1_77' title='bbox 2516 1086 2577 1124; x_wconf 88' lang='lat' dir='ltr'><strong>se</strong></span> 
     </span>
     <span class='ocr_line' id='line_1_10' title="bbox 278 1153 2165 1239; baseline -0.007 -21"><span class='ocrx_word' id='word_1_78' title='bbox 278 1163 287 1174; x_wconf 95' lang='grc'><em>’</em></span> <span class='ocrx_word' id='word_1_79' title='bbox 368 1162 476 1239; x_wconf 90' lang='lat' dir='ltr'><strong>(ll</strong></span> <span class='ocrx_word' id='word_1_80' title='bbox 507 1191 585 1202; x_wconf 91' lang='lat'>—</span> <span class='ocrx_word' id='word_1_81' title='bbox 615 1153 765 1234; x_wconf 82' lang='lat'>14.).</span> <span class='ocrx_word' id='word_1_82' title='bbox 2159 1218 2165 1224; x_wconf 15' lang='grc' dir='ltr'><strong>ῃ</strong></span> 
     </span>
    </p>

    <p class='ocr_par' dir='ltr' id='par_1_4' title="bbox 368 1250 2696 2432">
     <span class='ocr_line' id='line_1_11' title="bbox 543 1250 2578 1330; baseline -0.003 -15"><span class='ocrx_word' id='word_1_83' title='bbox 543 1260 735 1328; x_wconf 81' lang='lat' dir='ltr'><strong>Quum</strong></span> <span class='ocrx_word' id='word_1_84' title='bbox 774 1276 894 1315; x_wconf 90' lang='lat' dir='ltr'><strong>non</strong></span> <span class='ocrx_word' id='word_1_85' title='bbox 936 1256 1047 1329; x_wconf 88' lang='lat' dir='ltr'><strong>sit,</strong></span> <span class='ocrx_word' id='word_1_86' title='bbox 1101 1275 1206 1313; x_wconf 88' lang='lat' dir='ltr'><strong>cur</strong></span> <span class='ocrx_word' id='word_1_87' title='bbox 1242 1253 1649 1330; x_wconf 86' lang='lat' dir='ltr'><strong>inscriptioni,</strong></span> <span class='ocrx_word' id='word_1_88' title='bbox 1704 1252 1860 1312; x_wconf 89' lang='lat' dir='ltr'><strong>hunc</strong></span> <span class='ocrx_word' id='word_1_89' title='bbox 1895 1253 2184 1311; x_wconf 85' lang='lat' dir='ltr'><strong>Psalmum</strong></span> <span class='ocrx_word' id='word_1_90' title='bbox 2212 1250 2433 1311; x_wconf 83' lang='lat' dir='ltr'><strong>Davidi</strong></span> <span class='ocrx_word' id='word_1_91' title='bbox 2463 1251 2578 1310; x_wconf 88' lang='lat' dir='ltr'><strong>tri-</strong></span> 
     </span>
     <span class='ocr_line' id='line_1_12' title="bbox 370 1335 2581 1421; baseline -0.006 -14"><span class='ocrx_word' id='word_1_92' title='bbox 370 1346 607 1415; x_wconf 81' lang='lat' dir='ltr'><strong>buenti,</strong></span> <span class='ocrx_word' id='word_1_93' title='bbox 646 1342 815 1400; x_wconf 84' lang='lat' dir='ltr'><strong>fidem</strong></span> <span class='ocrx_word' id='word_1_94' title='bbox 849 1342 1228 1421; x_wconf 81' lang='lat' dir='ltr'><strong>denegemus;</strong></span> <span class='ocrx_word' id='word_1_95' title='bbox 1286 1343 1537 1398; x_wconf 80' lang='lat' dir='ltr'><strong>maxime</strong></span> <span class='ocrx_word' id='word_1_96' title='bbox 1568 1351 2014 1398; x_wconf 85' lang='lat' dir='ltr'><strong>consentaneum</strong></span> <span class='ocrx_word' id='word_1_97' title='bbox 2046 1338 2258 1410; x_wconf 78' lang='lat' dir='ltr'><strong>fucrit,</strong></span> <span class='ocrx_word' id='word_1_98' title='bbox 2302 1338 2472 1395; x_wconf 89' lang='lat' dir='ltr'><strong>illum</strong></span> <span class='ocrx_word' id='word_1_99' title='bbox 2503 1335 2581 1394; x_wconf 86' lang='lat' dir='ltr'><strong>ad</strong></span> 
     </span>
     <span class='ocr_line' id='line_1_13' title="bbox 369 1421 2581 1503; baseline -0.006 -13"><span class='ocrx_word' id='word_1_100' title='bbox 369 1430 676 1490; x_wconf 68' lang='lat' dir='ltr'><strong>seditionis</strong></span> <span class='ocrx_word' id='word_1_101' title='bbox 706 1429 1086 1487; x_wconf 85' lang='lat' dir='ltr'><strong>Absalonicae</strong></span> <span class='ocrx_word' id='word_1_102' title='bbox 1121 1435 1344 1503; x_wconf 90' lang='lat' dir='ltr'><strong>tempus</strong></span> <span class='ocrx_word' id='word_1_103' title='bbox 1383 1424 1630 1497; x_wconf 84' lang='lat' dir='ltr'><strong>referre,</strong></span> <span class='ocrx_word' id='word_1_104' title='bbox 1689 1427 1783 1482; x_wconf 87' lang='lat' dir='ltr'><strong>cui</strong></span> <span class='ocrx_word' id='word_1_105' title='bbox 1830 1426 2026 1481; x_wconf 89' lang='lat' dir='ltr'><strong>omnia</strong></span> <span class='ocrx_word' id='word_1_106' title='bbox 2069 1426 2130 1480; x_wconf 94' lang='lat' dir='ltr'><strong>in</strong></span> <span class='ocrx_word' id='word_1_107' title='bbox 2172 1421 2282 1479; x_wconf 89' lang='lat' dir='ltr'><strong>hoc</strong></span> <span class='ocrx_word' id='word_1_108' title='bbox 2321 1424 2581 1478; x_wconf 80' lang='lat' dir='ltr'><strong>carmine</strong></span> 
     </span>
     <span class='ocr_line' id='line_1_14' title="bbox 371 1507 2582 1592; baseline -0.005 -18"><span class='ocrx_word' id='word_1_109' title='bbox 371 1518 584 1592; x_wconf 90' lang='lat' dir='ltr'><strong>optime</strong></span> <span class='ocrx_word' id='word_1_110' title='bbox 629 1514 1019 1582; x_wconf 87' lang='lat' dir='ltr'><strong>conveniunt,</strong></span> <span class='ocrx_word' id='word_1_111' title='bbox 1079 1521 1250 1585; x_wconf 86' lang='lat' dir='ltr'><strong>atque</strong></span> <span class='ocrx_word' id='word_1_112' title='bbox 1290 1512 1373 1566; x_wconf 89' lang='lat' dir='ltr'><strong>ita</strong></span> <span class='ocrx_word' id='word_1_113' title='bbox 1418 1510 1505 1580; x_wconf 86' lang='lat' dir='ltr'><strong>is,</strong></span> <span class='ocrx_word' id='word_1_114' title='bbox 1573 1510 1642 1566; x_wconf 88' lang='lat' dir='ltr'><strong>de</strong></span> <span class='ocrx_word' id='word_1_115' title='bbox 1689 1528 1804 1585; x_wconf 89' lang='lat' dir='ltr'><strong>quo</strong></span> <span class='ocrx_word' id='word_1_116' title='bbox 1843 1509 2104 1587; x_wconf 88' lang='lat' dir='ltr'><strong>queritur</strong></span> <span class='ocrx_word' id='word_1_117' title='bbox 2137 1507 2233 1564; x_wconf 90' lang='lat' dir='ltr'><strong>Vs.</strong></span> <span class='ocrx_word' id='word_1_118' title='bbox 2269 1507 2400 1577; x_wconf 88' lang='lat'>10.‚</span> <span class='ocrx_word' id='word_1_119' title='bbox 2461 1508 2582 1563; x_wconf 86' lang='lat' dir='ltr'><strong>erit</strong></span> 
     </span>
     <span class='ocr_line' id='line_1_15' title="bbox 375 1590 2582 1676; baseline -0.005 -16"><span class='ocrx_word' id='word_1_120' title='bbox 375 1595 807 1676; x_wconf 86' lang='lat' dir='ltr'><strong>Mephiboseth,</strong></span> <span class='ocrx_word' id='word_1_121' title='bbox 846 1595 1004 1653; x_wconf 84' lang='lat' dir='ltr'><strong>filius</strong></span> <span class='ocrx_word' id='word_1_122' title='bbox 1034 1593 1411 1664; x_wconf 65' lang='lat' dir='ltr'><strong>summania,</strong></span> <span class='ocrx_word' id='word_1_123' title='bbox 1452 1612 1629 1670; x_wconf 89' lang='lat' dir='ltr'><strong>nepos</strong></span> <span class='ocrx_word' id='word_1_124' title='bbox 1662 1594 1861 1653; x_wconf 82' lang='lat' dir='ltr'><strong>Saulis</strong></span> <span class='ocrx_word' id='word_1_125' title='bbox 1896 1594 1996 1668; x_wconf 88' lang='lat' dir='ltr'><strong>qui</strong></span> <span class='ocrx_word' id='word_1_126' title='bbox 2031 1593 2299 1649; x_wconf 88' lang='lat' dir='ltr'><strong>alumnus</strong></span> <span class='ocrx_word' id='word_1_127' title='bbox 2329 1590 2582 1648; x_wconf 82' lang='lat' dir='ltr'><strong>Davidis</strong></span> 
     </span>
     <span class='ocr_line' id='line_1_16' title="bbox 370 1673 2582 1754; baseline -0.005 -11"><span class='ocrx_word' id='word_1_128' title='bbox 370 1686 674 1744; x_wconf 86' lang='lat' dir='ltr'><strong>convictor</strong></span> <span class='ocrx_word' id='word_1_129' title='bbox 715 1681 830 1737; x_wconf 85' lang='lat' dir='ltr'><strong>fuit</strong></span> <span class='ocrx_word' id='word_1_130' title='bbox 878 1698 1106 1737; x_wconf 85' lang='lat' dir='ltr'><strong>mensae</strong></span> <span class='ocrx_word' id='word_1_131' title='bbox 1148 1680 1269 1752; x_wconf 90' lang='lat' dir='ltr'><strong>ejus</strong></span> <span class='ocrx_word' id='word_1_132' title='bbox 1314 1674 1571 1754; x_wconf 82' lang='lat' dir='ltr'><strong>(2Sam.</strong></span> <span class='ocrx_word' id='word_1_133' title='bbox 1607 1680 1681 1750; x_wconf 79' lang='lat'><strong>9,</strong></span> <span class='ocrx_word' id='word_1_134' title='bbox 1715 1673 1853 1754; x_wconf 89' lang='lat'>7.)‚</span> <span class='ocrx_word' id='word_1_135' title='bbox 1926 1686 1987 1732; x_wconf 87' lang='lat' dir='ltr'><strong>et</strong></span> <span class='ocrx_word' id='word_1_136' title='bbox 2031 1686 2226 1734; x_wconf 85' lang='lat' dir='ltr'><strong>tamen</strong></span> <span class='ocrx_word' id='word_1_137' title='bbox 2273 1686 2470 1753; x_wconf 79' lang='lat' dir='ltr'><strong>postea</strong></span> <span class='ocrx_word' id='word_1_138' title='bbox 2519 1677 2582 1732; x_wconf 89' lang='lat' dir='ltr'><strong>in</strong></span> 
     </span>
     <span class='ocr_line' id='line_1_17' title="bbox 373 1759 2583 1841; baseline -0.005 -14"><span class='ocrx_word' id='word_1_139' title='bbox 373 1769 657 1827; x_wconf 88' lang='lat' dir='ltr'><strong>seditione</strong></span> <span class='ocrx_word' id='word_1_140' title='bbox 682 1765 1029 1824; x_wconf 83' lang='lat' dir='ltr'><strong>Absalonica</strong></span> <span class='ocrx_word' id='word_1_141' title='bbox 1062 1782 1179 1821; x_wconf 91' lang='lat' dir='ltr'><strong>non</strong></span> <span class='ocrx_word' id='word_1_142' title='bbox 1217 1763 1459 1821; x_wconf 84' lang='lat' dir='ltr'><strong>deduxit</strong></span> <span class='ocrx_word' id='word_1_143' title='bbox 1494 1762 1779 1820; x_wconf 76' lang='lat' dir='ltr'><strong>Davidem</strong></span> <span class='ocrx_word' id='word_1_144' title='bbox 1818 1762 2133 1841; x_wconf 83' lang='lat' dir='ltr'><strong>fugientem</strong></span> <span class='ocrx_word' id='word_1_145' title='bbox 2169 1770 2330 1818; x_wconf 86' lang='lat' dir='ltr'><strong>trans</strong></span> <span class='ocrx_word' id='word_1_146' title='bbox 2365 1759 2583 1818; x_wconf 84' lang='lat' dir='ltr'><strong>Jorda-</strong></span> 
     </span>
     <span class='ocr_line' id='line_1_18' title="bbox 369 1841 2588 1928; baseline -0.006 -15"><span class='ocrx_word' id='word_1_147' title='bbox 369 1873 523 1925; x_wconf 86' lang='lat' dir='ltr'><strong>nem‚</strong></span> <span class='ocrx_word' id='word_1_148' title='bbox 563 1852 662 1928; x_wconf 85' lang='lat' dir='ltr'><strong>sed</strong></span> <span class='ocrx_word' id='word_1_149' title='bbox 699 1850 1005 1906; x_wconf 89' lang='lat' dir='ltr'><strong>insultavit</strong></span> <span class='ocrx_word' id='word_1_150' title='bbox 1038 1850 1114 1921; x_wconf 86' lang='lat' dir='ltr'><strong>ei,</strong></span> <span class='ocrx_word' id='word_1_151' title='bbox 1157 1847 1387 1906; x_wconf 89' lang='lat' dir='ltr'><strong>dicens:</strong></span> <span class='ocrx_word' id='word_1_152' title='bbox 1426 1844 1592 1904; x_wconf 79' lang='lat' dir='ltr'><strong>hodie</strong></span> <span class='ocrx_word' id='word_1_153' title='bbox 1631 1846 1923 1904; x_wconf 70' lang='lat' dir='ltr'><strong>restituet</strong></span> <span class='ocrx_word' id='word_1_154' title='bbox 1961 1844 2109 1902; x_wconf 71' lang='lat' dir='ltr'><strong>milti</strong></span> <span class='ocrx_word' id='word_1_155' title='bbox 2146 1846 2346 1904; x_wconf 80' lang='lat' dir='ltr'><strong>domus</strong></span> <span class='ocrx_word' id='word_1_156' title='bbox 2379 1841 2588 1902; x_wconf 82' lang='lat' dir='ltr'><strong>Israel</strong></span> 
     </span>
     <span class='ocr_line' id='line_1_19' title="bbox 368 1927 2696 2015; baseline -0.005 -20"><span class='ocrx_word' id='word_1_157' title='bbox 368 1955 617 2015; x_wconf 80' lang='lat' dir='ltr'><strong>regnum</strong></span> <span class='ocrx_word' id='word_1_158' title='bbox 642 1934 873 2013; x_wconf 73' lang='lat' dir='ltr'><strong>patris,</strong></span> <span class='ocrx_word' id='word_1_159' title='bbox 906 1937 943 1991; x_wconf 91' lang='lat' dir='ltr'><strong>i.</strong></span> <span class='ocrx_word' id='word_1_160' title='bbox 960 1952 1012 1990; x_wconf 87' lang='lat' dir='ltr'><strong>e.</strong></span> <span class='ocrx_word' id='word_1_161' title='bbox 1040 1934 1136 1992; x_wconf 80' lang='lat' dir='ltr'><strong>avi</strong></span> <span class='ocrx_word' id='word_1_162' title='bbox 1167 1934 1282 1989; x_wconf 76' lang='lat' dir='ltr'><strong>mei</strong></span> <span class='ocrx_word' id='word_1_163' title='bbox 1318 1930 1385 2005; x_wconf 86' lang='lat'><strong>(2</strong></span> <span class='ocrx_word' id='word_1_164' title='bbox 1400 1931 1555 1991; x_wconf 82' lang='lat' dir='ltr'><strong>Sam.</strong></span> <span class='ocrx_word' id='word_1_165' title='bbox 1581 1934 1677 2006; x_wconf 83' lang='lat'><strong>16,</strong></span> <span class='ocrx_word' id='word_1_166' title='bbox 1703 1930 1809 2009; x_wconf 84' lang='lat'><strong>3.)‚</strong></span> <span class='ocrx_word' id='word_1_167' title='bbox 1850 1950 2033 2007; x_wconf 86' lang='lat' dir='ltr'><strong>neque</strong></span> <span class='ocrx_word' id='word_1_168' title='bbox 2068 1933 2334 2008; x_wconf 83' lang='lat' dir='ltr'><strong>cuiquam</strong></span> <span class='ocrx_word' id='word_1_169' title='bbox 2359 1927 2584 1987; x_wconf 86' lang='lat' dir='ltr'><strong>Versus</strong></span> <span class='ocrx_word' id='word_1_170' title='bbox 2683 1959 2696 1968; x_wconf 88' lang='lat'><strong>·</strong></span> 
     </span>
     <span class='ocr_line' id='line_1_20' title="bbox 371 2007 2585 2099; baseline -0.005 -19"><span class='ocrx_word' id='word_1_171' title='bbox 371 2025 471 2080; x_wconf 88' lang='lat' dir='ltr'><strong>ille</strong></span> <span class='ocrx_word' id='word_1_172' title='bbox 514 2007 700 2099; x_wconf 70' lang='lat' dir='ltr'><strong>magis</strong></span> <span class='ocrx_word' id='word_1_173' title='bbox 749 2020 1037 2076; x_wconf 88' lang='lat' dir='ltr'><strong>convenit.</strong></span> <span class='ocrx_word' id='word_1_174' title='bbox 1123 2017 1449 2075; x_wconf 82' lang='lat' dir='ltr'><strong>Verisimile</strong></span> <span class='ocrx_word' id='word_1_175' title='bbox 1500 2027 1692 2075; x_wconf 84' lang='lat' dir='ltr'><strong>autem</strong></span> <span class='ocrx_word' id='word_1_176' title='bbox 1740 2015 2011 2087; x_wconf 79' lang='lat' dir='ltr'><strong>omnino,</strong></span> <span class='ocrx_word' id='word_1_177' title='bbox 2069 2017 2171 2073; x_wconf 92' lang='lat' dir='ltr'><strong>illo</strong></span> <span class='ocrx_word' id='word_1_178' title='bbox 2214 2027 2469 2091; x_wconf 88' lang='lat' dir='ltr'><strong>tempore</strong></span> <span class='ocrx_word' id='word_1_179' title='bbox 2517 2016 2585 2070; x_wconf 87' lang='lat' dir='ltr'><strong>iu</strong></span> 
     </span>
     <span class='ocr_line' id='line_1_21' title="bbox 373 2098 2586 2180; baseline -0.005 -16"><span class='ocrx_word' id='word_1_180' title='bbox 373 2108 557 2163; x_wconf 87' lang='lat' dir='ltr'><strong>animi</strong></span> <span class='ocrx_word' id='word_1_181' title='bbox 610 2103 809 2160; x_wconf 88' lang='lat' dir='ltr'><strong>dolore</strong></span> <span class='ocrx_word' id='word_1_182' title='bbox 859 2105 1034 2160; x_wconf 85' lang='lat' dir='ltr'><strong>etiam</strong></span> <span class='ocrx_word' id='word_1_183' title='bbox 1089 2104 1349 2180; x_wconf 74' lang='lat' dir='ltr'><strong>corporis</strong></span> <span class='ocrx_word' id='word_1_184' title='bbox 1404 2103 1606 2159; x_wconf 87' lang='lat' dir='ltr'><strong>morbo</strong></span> <span class='ocrx_word' id='word_1_185' title='bbox 1654 2111 2001 2158; x_wconf 84' lang='lat' dir='ltr'><strong>attentatum</strong></span> <span class='ocrx_word' id='word_1_186' title='bbox 2048 2098 2333 2159; x_wconf 80' lang='lat' dir='ltr'><strong>Davidem</strong></span> <span class='ocrx_word' id='word_1_187' title='bbox 2373 2099 2586 2156; x_wconf 85' lang='lat' dir='ltr'><strong>fuisse.</strong></span> 
     </span>
     <span class='ocr_line' id='line_1_22' title="bbox 369 2185 2587 2264; baseline -0.002 -20"><span class='ocrx_word' id='word_1_188' title='bbox 369 2190 522 2251; x_wconf 86' lang='lat' dir='ltr'><strong>Nam</strong></span> <span class='ocrx_word' id='word_1_189' title='bbox 556 2206 701 2264; x_wconf 86' lang='lat' dir='ltr'><strong>quae</strong></span> <span class='ocrx_word' id='word_1_190' title='bbox 731 2187 828 2244; x_wconf 85' lang='lat' dir='ltr'><strong>Vs.</strong></span> <span class='ocrx_word' id='word_1_191' title='bbox 853 2190 919 2243; x_wconf 71' lang='lat'><strong>4.</strong></span> <span class='ocrx_word' id='word_1_192' title='bbox 950 2188 1006 2243; x_wconf 85' lang='lat'><strong>6.</strong></span> <span class='ocrx_word' id='word_1_193' title='bbox 1036 2187 1094 2243; x_wconf 81' lang='lat'><strong>9.</strong></span> <span class='ocrx_word' id='word_1_194' title='bbox 1138 2190 1403 2261; x_wconf 86' lang='lat' dir='ltr'><strong>queritur</strong></span> <span class='ocrx_word' id='word_1_195' title='bbox 1434 2186 1714 2259; x_wconf 86' lang='lat' dir='ltr'><strong>ejusmodi</strong></span> <span class='ocrx_word' id='word_1_196' title='bbox 1744 2195 1912 2257; x_wconf 86' lang='lat' dir='ltr'><strong>suut,</strong></span> <span class='ocrx_word' id='word_1_197' title='bbox 1954 2196 2020 2242; x_wconf 90' lang='lat' dir='ltr'><strong>ut</strong></span> <span class='ocrx_word' id='word_1_198' title='bbox 2054 2187 2266 2255; x_wconf 85' lang='lat' dir='ltr'><strong>minus,</strong></span> <span class='ocrx_word' id='word_1_199' title='bbox 2310 2202 2487 2260; x_wconf 84' lang='lat' dir='ltr'><strong>quam</strong></span> <span class='ocrx_word' id='word_1_200' title='bbox 2518 2185 2587 2240; x_wconf 91' lang='lat' dir='ltr'><strong>in</strong></span> 
     </span>
     <span class='ocr_line' id='line_1_23' title="bbox 372 2265 2591 2349; baseline -0.002 -20"><span class='ocrx_word' id='word_1_201' title='bbox 372 2271 820 2341; x_wconf 66' lang='lat' dir='ltr'><strong>aliisPsalmis,</strong></span> <span class='ocrx_word' id='word_1_202' title='bbox 857 2290 957 2347; x_wconf 88' lang='lat' dir='ltr'><strong>per</strong></span> <span class='ocrx_word' id='word_1_203' title='bbox 985 2268 1384 2347; x_wconf 84' lang='lat' dir='ltr'><strong>metaphoram</strong></span> <span class='ocrx_word' id='word_1_204' title='bbox 1418 2279 1478 2326; x_wconf 87' lang='lat' dir='ltr'><strong>et</strong></span> <span class='ocrx_word' id='word_1_205' title='bbox 1505 2270 1840 2349; x_wconf 80' lang='lat' dir='ltr'><strong>allegoriam</strong></span> <span class='ocrx_word' id='word_1_206' title='bbox 1873 2270 1946 2328; x_wconf 90' lang='lat' dir='ltr'><strong>ad</strong></span> <span class='ocrx_word' id='word_1_207' title='bbox 1975 2270 2094 2327; x_wconf 85' lang='lat' dir='ltr'><strong>alia</strong></span> <span class='ocrx_word' id='word_1_208' title='bbox 2128 2267 2441 2327; x_wconf 76' lang='lat' dir='ltr'><strong>transferi-c</strong></span> <span class='ocrx_word' id='word_1_209' title='bbox 2473 2265 2591 2328; x_wconf 80' lang='lat' dir='ltr'><strong>illa</strong></span> 
     </span>
     <span class='ocr_line' id='line_1_24' title="bbox 368 2355 1574 2432; baseline -0.008 -14"><span class='ocrx_word' id='word_1_210' title='bbox 368 2366 525 2418; x_wconf 81' lang='lat' dir='ltr'><strong>recte</strong></span> <span class='ocrx_word' id='word_1_211' title='bbox 564 2355 874 2432; x_wconf 86' lang='lat' dir='ltr'><strong>possimus.</strong></span> <span class='ocrx_word' id='word_1_212' title='bbox 1570 2362 1574 2366; x_wconf 86' lang='grc'><em>“</em></span> 
     </span>
    </p>
   </div>
   <div class='ocr_carea' id='block_1_4' title="bbox 289 2454 2610 4399">
    <p class='ocr_par' dir='ltr' id='par_1_5' title="bbox 289 2454 2610 4399">
     <span class='ocr_line' id='line_1_25' title="bbox 537 2454 2610 2533; baseline -0 -19"><span class='ocrx_word' id='word_1_213' title='bbox 537 2457 692 2525; x_wconf 81' lang='lat' dir='ltr'><strong>Quia</strong></span> <span class='ocrx_word' id='word_1_214' title='bbox 723 2457 877 2531; x_wconf 89' lang='lat' dir='ltr'><strong>quod</strong></span> <span class='ocrx_word' id='word_1_215' title='bbox 908 2454 1133 2513; x_wconf 88' lang='lat' dir='ltr'><strong>Psaltes</strong></span> <span class='ocrx_word' id='word_1_216' title='bbox 1160 2455 1261 2513; x_wconf 87' lang='lat' dir='ltr'><strong>Vs.</strong></span> <span class='ocrx_word' id='word_1_217' title='bbox 1296 2457 1392 2512; x_wconf 88' lang='lat' dir='ltr'><strong>lo.</strong></span> <span class='ocrx_word' id='word_1_218' title='bbox 1438 2455 1700 2532; x_wconf 89' lang='lat' dir='ltr'><strong>queritur</strong></span> <span class='ocrx_word' id='word_1_219' title='bbox 1739 2457 1810 2515; x_wconf 89' lang='lat' dir='ltr'><strong>de</strong></span> <span class='ocrx_word' id='word_1_220' title='bbox 1846 2455 2085 2533; x_wconf 80' lang='lat' dir='ltr'><strong>perfidia</strong></span> <span class='ocrx_word' id='word_1_221' title='bbox 2128 2457 2302 2513; x_wconf 85' lang='lat' dir='ltr'><strong>unius</strong></span> <span class='ocrx_word' id='word_1_222' title='bbox 2342 2473 2416 2511; x_wconf 84' lang='lat' dir='ltr'><strong>ex</strong></span> <span class='ocrx_word' id='word_1_223' title='bbox 2451 2455 2610 2513; x_wconf 81' lang='lat' dir='ltr'><strong>suis‘</strong></span> 
     </span>
     <span class='ocr_line' id='line_1_26' title="bbox 370 2540 2593 2617; baseline -0.001 -16"><span class='ocrx_word' id='word_1_224' title='bbox 370 2543 757 2611; x_wconf 76' lang='lat' dir='ltr'><strong>adversariis,</strong></span> <span class='ocrx_word' id='word_1_225' title='bbox 816 2543 916 2617; x_wconf 89' lang='lat' dir='ltr'><strong>qui</strong></span> <span class='ocrx_word' id='word_1_226' title='bbox 962 2543 1272 2617; x_wconf 86' lang='lat' dir='ltr'><strong>aliquando</strong></span> <span class='ocrx_word' id='word_1_227' title='bbox 1313 2542 1436 2615; x_wconf 86' lang='lat' dir='ltr'><strong>ejus</strong></span> <span class='ocrx_word' id='word_1_228' title='bbox 1480 2542 1779 2599; x_wconf 79' lang='lat' dir='ltr'><strong>convictor</strong></span> <span class='ocrx_word' id='word_1_229' title='bbox 1817 2540 2056 2614; x_wconf 82' lang='lat' dir='ltr'><strong>fuisset,</strong></span> <span class='ocrx_word' id='word_1_230' title='bbox 2113 2540 2378 2599; x_wconf 87' lang='lat' dir='ltr'><strong>Christus</strong></span> <span class='ocrx_word' id='word_1_231' title='bbox 2421 2540 2593 2617; x_wconf 81' lang='lat' dir='ltr'><strong>apud</strong></span> 
     </span>
     <span class='ocr_line' id='line_1_27' title="bbox 369 2624 2592 2703; baseline -0.003 -16"><span class='ocrx_word' id='word_1_232' title='bbox 369 2626 652 2687; x_wconf 85' lang='lat' dir='ltr'><strong>Joannem</strong></span> <span class='ocrx_word' id='word_1_233' title='bbox 688 2627 785 2695; x_wconf 83' lang='lat'><strong>13,</strong></span> <span class='ocrx_word' id='word_1_234' title='bbox 809 2627 902 2682; x_wconf 90' lang='grc'><strong>18.</strong></span> <span class='ocrx_word' id='word_1_235' title='bbox 934 2624 1006 2682; x_wconf 89' lang='lat' dir='ltr'><strong>ad</strong></span> <span class='ocrx_word' id='word_1_236' title='bbox 1034 2624 1238 2683; x_wconf 85' lang='lat' dir='ltr'><strong>Judam</strong></span> <span class='ocrx_word' id='word_1_237' title='bbox 1267 2627 1628 2698; x_wconf 87' lang='lat' dir='ltr'><strong>Iscariotam,</strong></span> <span class='ocrx_word' id='word_1_238' title='bbox 1662 2628 1762 2702; x_wconf 90' lang='lat' dir='ltr'><strong>qui</strong></span> <span class='ocrx_word' id='word_1_239' title='bbox 1790 2629 1974 2703; x_wconf 89' lang='lat' dir='ltr'><strong>ipsum</strong></span> <span class='ocrx_word' id='word_1_240' title='bbox 2003 2628 2276 2702; x_wconf 83' lang='lat' dir='ltr'><strong>prodidit,</strong></span> <span class='ocrx_word' id='word_1_241' title='bbox 2304 2627 2592 2702; x_wconf 79' lang='lat' dir='ltr'><strong>applicat,</strong></span> 
     </span>
     <span class='ocr_line' id='line_1_28' title="bbox 370 2708 2593 2789; baseline 0 -22"><span class='ocrx_word' id='word_1_242' title='bbox 370 2712 609 2789; x_wconf 80' lang='lat' dir='ltr'><strong>plurimi</strong></span> <span class='ocrx_word' id='word_1_243' title='bbox 660 2728 693 2766; x_wconf 89' lang='lat' dir='ltr'><strong>e</strong></span> <span class='ocrx_word' id='word_1_244' title='bbox 741 2708 1090 2768; x_wconf 73' lang='lat' dir='ltr'><strong>Christiania</strong></span> <span class='ocrx_word' id='word_1_245' title='bbox 1138 2714 1481 2787; x_wconf 77' lang='lat' dir='ltr'><strong>interpretes</strong></span> <span class='ocrx_word' id='word_1_246' title='bbox 1532 2720 1717 2768; x_wconf 88' lang='lat' dir='ltr'><strong>totum</strong></span> <span class='ocrx_word' id='word_1_247' title='bbox 1767 2710 2052 2768; x_wconf 89' lang='lat' dir='ltr'><strong>Psalmum</strong></span> <span class='ocrx_word' id='word_1_248' title='bbox 2098 2709 2459 2787; x_wconf 75' lang='lat' dir='ltr'><strong>prophetiam</strong></span> <span class='ocrx_word' id='word_1_249' title='bbox 2515 2710 2593 2767; x_wconf 88' lang='lat' dir='ltr'><strong>de</strong></span> 
     </span>
     <span class='ocr_line' id='line_1_29' title="bbox 372 2793 2594 2856; baseline -0.001 -3"><span class='ocrx_word' id='word_1_250' title='bbox 372 2793 608 2853; x_wconf 91' lang='lat' dir='ltr'><strong>Christo</strong></span> <span class='ocrx_word' id='word_1_251' title='bbox 641 2795 1070 2853; x_wconf 82' lang='lat' dir='ltr'><strong>existimarunt.</strong></span> <span class='ocrx_word' id='word_1_252' title='bbox 1155 2796 1271 2856; x_wconf 89' lang='lat' dir='ltr'><strong>Sed</strong></span> <span class='ocrx_word' id='word_1_253' title='bbox 1299 2797 1601 2853; x_wconf 74' lang='lat' dir='ltr'><strong>audiamus</strong></span> <span class='ocrx_word' id='word_1_254' title='bbox 1631 2794 2050 2852; x_wconf 68' lang='lat' dir='ltr'><strong>Rnnmczittm</strong></span> <span class='ocrx_word' id='word_1_255' title='bbox 2094 2796 2282 2853; x_wconf 79' lang='lat' dir='ltr'><strong>sobrie</strong></span> <span class='ocrx_word' id='word_1_256' title='bbox 2317 2806 2376 2851; x_wconf 86' lang='lat' dir='ltr'><strong>et</strong></span> <span class='ocrx_word' id='word_1_257' title='bbox 2408 2802 2594 2852; x_wconf 82' lang='lat' dir='ltr'><strong>caute</strong></span> 
     </span>
     <span class='ocr_line' id='line_1_30' title="bbox 367 2876 2595 2958; baseline -0.001 -21"><span class='ocrx_word' id='word_1_258' title='bbox 367 2878 482 2937; x_wconf 88' lang='lat' dir='ltr'><strong>hae</strong></span> <span class='ocrx_word' id='word_1_259' title='bbox 517 2877 586 2936; x_wconf 89' lang='lat' dir='ltr'><strong>de</strong></span> <span class='ocrx_word' id='word_1_260' title='bbox 617 2898 681 2935; x_wconf 93' lang='lat' dir='ltr'><strong>re</strong></span> <span class='ocrx_word' id='word_1_261' title='bbox 708 2880 1064 2952; x_wconf 86' lang='lat' dir='ltr'><strong>judicantem</strong></span> <span class='ocrx_word' id='word_1_262' title='bbox 1109 2878 1200 2958; x_wconf 94' lang='lat' dir='ltr'><strong>(in</strong></span> <span class='ocrx_word' id='word_1_263' title='bbox 1231 2880 1494 2938; x_wconf 80' lang='lat' dir='ltr'><strong>Ratione</strong></span> <span class='ocrx_word' id='word_1_264' title='bbox 1518 2876 1973 2957; x_wconf 79' lang='lat' dir='ltr'><strong>Paraphraseos</strong></span> <span class='ocrx_word' id='word_1_265' title='bbox 2008 2879 2102 2936; x_wconf 82' lang='lat' dir='ltr'><strong>Vs.</strong></span> <span class='ocrx_word' id='word_1_266' title='bbox 2140 2876 2303 2954; x_wconf 85' lang='lat' dir='ltr'><strong>lo.):</strong></span> <span class='ocrx_word' id='word_1_267' title='bbox 2344 2879 2595 2951; x_wconf 76' lang='lat' dir='ltr'><strong>„Quod</strong></span> 
     </span>
     <span class='ocr_line' id='line_1_31' title="bbox 370 2962 2594 3042; baseline -0.002 -18"><span class='ocrx_word' id='word_1_268' title='bbox 370 2963 566 3025; x_wconf 85' lang='lat' dir='ltr'><strong>David</strong></span> <span class='ocrx_word' id='word_1_269' title='bbox 599 2962 711 3021; x_wconf 90' lang='lat' dir='ltr'><strong>hoc</strong></span> <span class='ocrx_word' id='word_1_270' title='bbox 739 2964 870 3023; x_wconf 93' lang='lat' dir='ltr'><strong>loco</strong></span> <span class='ocrx_word' id='word_1_271' title='bbox 900 2967 1013 3023; x_wconf 90' lang='lat' dir='ltr'><strong>sibi</strong></span> <span class='ocrx_word' id='word_1_272' title='bbox 1040 2968 1317 3025; x_wconf 84' lang='lat' dir='ltr'><strong>accidisse</strong></span> <span class='ocrx_word' id='word_1_273' title='bbox 1344 2967 1642 3042; x_wconf 89' lang='lat' dir='ltr'><strong>queritur,</strong></span> <span class='ocrx_word' id='word_1_274' title='bbox 1694 2966 1753 3022; x_wconf 91' lang='lat' dir='ltr'><strong>id</strong></span> <span class='ocrx_word' id='word_1_275' title='bbox 1782 2962 2047 3022; x_wconf 85' lang='lat' dir='ltr'><strong>Christus</strong></span> <span class='ocrx_word' id='word_1_276' title='bbox 2076 2966 2150 3022; x_wconf 91' lang='lat' dir='ltr'><strong>iis</strong></span> <span class='ocrx_word' id='word_1_277' title='bbox 2181 2965 2594 3021; x_wconf 84' lang='lat' dir='ltr'><strong>accommodat</strong></span> 
     </span>
     <span class='ocr_line' id='line_1_32' title="bbox 371 3048 2597 3128; baseline -0.001 -22"><span class='ocrx_word' id='word_1_278' title='bbox 371 3069 518 3128; x_wconf 86' lang='lat' dir='ltr'><strong>quae</strong></span> <span class='ocrx_word' id='word_1_279' title='bbox 547 3050 660 3124; x_wconf 85' lang='lat' dir='ltr'><strong>ipsi</strong></span> <span class='ocrx_word' id='word_1_280' title='bbox 697 3067 825 3107; x_wconf 89' lang='lat' dir='ltr'><strong>cum</strong></span> <span class='ocrx_word' id='word_1_281' title='bbox 857 3048 1005 3107; x_wconf 86' lang='lat' dir='ltr'><strong>Juda</strong></span> <span class='ocrx_word' id='word_1_282' title='bbox 1041 3048 1341 3126; x_wconf 85' lang='lat' dir='ltr'><strong>proditore</strong></span> <span class='ocrx_word' id='word_1_283' title='bbox 1370 3050 1736 3120; x_wconf 85' lang='lat' dir='ltr'><strong>acciderunt,</strong></span> <span class='ocrx_word' id='word_1_284' title='bbox 1779 3060 1837 3106; x_wconf 85' lang='lat' dir='ltr'><strong>et</strong></span> <span class='ocrx_word' id='word_1_285' title='bbox 1875 3068 1997 3106; x_wconf 88' lang='lat' dir='ltr'><strong>rem</strong></span> <span class='ocrx_word' id='word_1_286' title='bbox 2037 3049 2301 3127; x_wconf 87' lang='lat' dir='ltr'><strong>quidem,</strong></span> <span class='ocrx_word' id='word_1_287' title='bbox 2352 3049 2446 3105; x_wconf 82' lang='lat' dir='ltr'><strong>vel</strong></span> <span class='ocrx_word' id='word_1_288' title='bbox 2493 3048 2597 3106; x_wconf 85' lang='lat' dir='ltr'><strong>rei</strong></span> 
     </span>
     <span class='ocr_line' id='line_1_33' title="bbox 369 3133 2601 3213; baseline -0.002 -20"><span class='ocrx_word' id='word_1_289' title='bbox 369 3146 707 3193; x_wconf 80' lang='lat' dir='ltr'><strong>eventorum</strong></span> <span class='ocrx_word' id='word_1_290' title='bbox 739 3134 1213 3207; x_wconf 88' lang='lat' dir='ltr'><strong>similitudinem,</strong></span> <span class='ocrx_word' id='word_1_291' title='bbox 1256 3153 1373 3191; x_wconf 88' lang='lat' dir='ltr'><strong>non</strong></span> <span class='ocrx_word' id='word_1_292' title='bbox 1403 3133 1577 3191; x_wconf 86' lang='lat' dir='ltr'><strong>verba</strong></span> <span class='ocrx_word' id='word_1_293' title='bbox 1605 3134 1874 3213; x_wconf 80' lang='lat' dir='ltr'><strong>singula,</strong></span> <span class='ocrx_word' id='word_1_294' title='bbox 1916 3153 2062 3210; x_wconf 89' lang='lat' dir='ltr'><strong>quae</strong></span> <span class='ocrx_word' id='word_1_295' title='bbox 2092 3135 2266 3191; x_wconf 84' lang='lat' dir='ltr'><strong>verba</strong></span> <span class='ocrx_word' id='word_1_296' title='bbox 2299 3135 2601 3190; x_wconf 76' lang='lat' dir='ltr'><strong>universa</strong></span> 
     </span>
     <span class='ocr_line' id='line_1_34' title="bbox 371 3216 2597 3296; baseline -0.002 -19"><span class='ocrx_word' id='word_1_297' title='bbox 371 3217 607 3277; x_wconf 88' lang='lat' dir='ltr'><strong>Christo</strong></span> <span class='ocrx_word' id='word_1_298' title='bbox 647 3217 1069 3275; x_wconf 85' lang='lat' dir='ltr'><strong>accommodari</strong></span> <span class='ocrx_word' id='word_1_299' title='bbox 1108 3236 1469 3296; x_wconf 87' lang='lat' dir='ltr'><strong>nequaquam</strong></span> <span class='ocrx_word' id='word_1_300' title='bbox 1505 3230 1780 3293; x_wconf 86' lang='lat' dir='ltr'><strong>possunt,</strong></span> <span class='ocrx_word' id='word_1_301' title='bbox 1843 3228 1901 3274; x_wconf 90' lang='lat' dir='ltr'><strong>et</strong></span> <span class='ocrx_word' id='word_1_302' title='bbox 1931 3218 2037 3276; x_wconf 90' lang='lat' dir='ltr'><strong>hae</strong></span> <span class='ocrx_word' id='word_1_303' title='bbox 2070 3219 2138 3275; x_wconf 91' lang='lat' dir='ltr'><strong>de</strong></span> <span class='ocrx_word' id='word_1_304' title='bbox 2171 3236 2344 3275; x_wconf 77' lang='lat' dir='ltr'><strong>causa</strong></span> <span class='ocrx_word' id='word_1_305' title='bbox 2372 3216 2597 3275; x_wconf 81' lang='lat' dir='ltr'><strong>Evan-</strong></span> 
     </span>
     <span class='ocr_line' id='line_1_35' title="bbox 373 3300 2598 3381; baseline 0 -23"><span class='ocrx_word' id='word_1_306' title='bbox 373 3301 589 3381; x_wconf 77' lang='lat' dir='ltr'><strong>gelists</strong></span> <span class='ocrx_word' id='word_1_307' title='bbox 622 3303 743 3376; x_wconf 87' lang='lat' dir='ltr'><strong>ipse</strong></span> <span class='ocrx_word' id='word_1_308' title='bbox 771 3320 950 3358; x_wconf 89' lang='lat' dir='ltr'><strong>unum</strong></span> <span class='ocrx_word' id='word_1_309' title='bbox 979 3304 1150 3360; x_wconf 91' lang='lat' dir='ltr'><strong>colon</strong></span> <span class='ocrx_word' id='word_1_310' title='bbox 1182 3302 1393 3361; x_wconf 88' lang='lat' dir='ltr'><strong>Versus</strong></span> <span class='ocrx_word' id='word_1_311' title='bbox 1423 3300 1591 3375; x_wconf 89' lang='lat' dir='ltr'><strong>hujus</strong></span> <span class='ocrx_word' id='word_1_312' title='bbox 1621 3322 1694 3358; x_wconf 83' lang='lat' dir='ltr'><strong>ex</strong></span> <span class='ocrx_word' id='word_1_313' title='bbox 1719 3304 2081 3361; x_wconf 76' lang='lat' dir='ltr'><strong>sermonibus</strong></span> <span class='ocrx_word' id='word_1_314' title='bbox 2107 3301 2324 3361; x_wconf 87' lang='lat' dir='ltr'><strong>Christi</strong></span> <span class='ocrx_word' id='word_1_315' title='bbox 2355 3302 2598 3359; x_wconf 83' lang='lat' dir='ltr'><strong>omisit.</strong></span> 
     </span>
     <span class='ocr_line' id='line_1_36' title="bbox 365 3383 2597 3462; baseline -0 -17"><span class='ocrx_word' id='word_1_316' title='bbox 365 3385 517 3445; x_wconf 88' lang='lat' dir='ltr'><strong>Nam</strong></span> <span class='ocrx_word' id='word_1_317' title='bbox 551 3385 705 3460; x_wconf 89' lang='lat' dir='ltr'><strong>quod</strong></span> <span class='ocrx_word' id='word_1_318' title='bbox 734 3383 931 3442; x_wconf 85' lang='lat' dir='ltr'><strong>David</strong></span> <span class='ocrx_word' id='word_1_319' title='bbox 958 3385 1135 3459; x_wconf 81' lang='lat' dir='ltr'><strong>dicit,</strong></span> <span class='ocrx_word' id='word_1_320' title='bbox 1176 3407 1238 3445; x_wconf 91' lang='lat' dir='ltr'><strong>se</strong></span> <span class='ocrx_word' id='word_1_321' title='bbox 1266 3387 1560 3462; x_wconf 88' lang='lat' dir='ltr'><strong>deceptum</strong></span> <span class='ocrx_word' id='word_1_322' title='bbox 1596 3405 1630 3443; x_wconf 91' lang='lat' dir='ltr'><strong>a</strong></span> <span class='ocrx_word' id='word_1_323' title='bbox 1663 3390 1988 3444; x_wconf 87' lang='lat' dir='ltr'><strong>necessario</strong></span> <span class='ocrx_word' id='word_1_324' title='bbox 2019 3398 2076 3445; x_wconf 91' lang='lat' dir='ltr'><strong>et</strong></span> <span class='ocrx_word' id='word_1_325' title='bbox 2103 3390 2434 3446; x_wconf 83' lang='lat' dir='ltr'><strong>convictore</strong></span> <span class='ocrx_word' id='word_1_326' title='bbox 2467 3403 2597 3444; x_wconf 82' lang='lat' dir='ltr'><strong>suo</strong></span> 
     </span>
     <span class='ocr_line' id='line_1_37' title="bbox 368 3471 2599 3548; baseline 0.001 -21"><span class='ocrx_word' id='word_1_327' title='bbox 368 3479 428 3527; x_wconf 85' lang='lat' dir='ltr'><strong>et</strong></span> <span class='ocrx_word' id='word_1_328' title='bbox 461 3487 563 3541; x_wconf 83' lang='lat' dir='ltr'><strong>eo,</strong></span> <span class='ocrx_word' id='word_1_329' title='bbox 609 3472 711 3545; x_wconf 87' lang='lat' dir='ltr'><strong>qui</strong></span> <span class='ocrx_word' id='word_1_330' title='bbox 742 3487 875 3544; x_wconf 82' lang='lat' dir='ltr'><strong>pars</strong></span> <span class='ocrx_word' id='word_1_331' title='bbox 905 3482 1055 3528; x_wconf 88' lang='lat' dir='ltr'><strong>esset</strong></span> <span class='ocrx_word' id='word_1_332' title='bbox 1087 3472 1343 3530; x_wconf 83' lang='lat' dir='ltr'><strong>familiae</strong></span> <span class='ocrx_word' id='word_1_333' title='bbox 1370 3473 1524 3544; x_wconf 86' lang='lat' dir='ltr'><strong>ejus,</strong></span> <span class='ocrx_word' id='word_1_334' title='bbox 1566 3471 1633 3528; x_wconf 93' lang='lat' dir='ltr'><strong>de</strong></span> <span class='ocrx_word' id='word_1_335' title='bbox 1665 3490 1815 3547; x_wconf 88' lang='lat' dir='ltr'><strong>quo,</strong></span> <span class='ocrx_word' id='word_1_336' title='bbox 1853 3482 1912 3528; x_wconf 87' lang='lat' dir='ltr'><strong>ct</strong></span> <span class='ocrx_word' id='word_1_337' title='bbox 1942 3473 2052 3530; x_wconf 80' lang='lat' dir='ltr'><strong>lide</strong></span> <span class='ocrx_word' id='word_1_338' title='bbox 2080 3474 2234 3545; x_wconf 82' lang='lat' dir='ltr'><strong>ejus,</strong></span> <span class='ocrx_word' id='word_1_339' title='bbox 2282 3472 2490 3548; x_wconf 85' lang='lat' dir='ltr'><strong>opinio</strong></span> <span class='ocrx_word' id='word_1_340' title='bbox 2528 3481 2599 3529; x_wconf 80' lang='lat' dir='ltr'><strong>et</strong></span> 
     </span>
     <span class='ocr_line' id='line_1_38' title="bbox 366 3552 2602 3635; baseline 0.002 -25"><span class='ocrx_word' id='word_1_341' title='bbox 366 3571 496 3629; x_wconf 85' lang='lat' dir='ltr'><strong>spes</strong></span> <span class='ocrx_word' id='word_1_342' title='bbox 523 3553 735 3611; x_wconf 81' lang='lat' dir='ltr'><strong>fuisset</strong></span> <span class='ocrx_word' id='word_1_343' title='bbox 766 3556 1004 3629; x_wconf 82' lang='lat' dir='ltr'><strong>optima,</strong></span> <span class='ocrx_word' id='word_1_344' title='bbox 1045 3555 1156 3615; x_wconf 90' lang='lat' dir='ltr'><strong>hoc</strong></span> <span class='ocrx_word' id='word_1_345' title='bbox 1188 3558 1372 3635; x_wconf 80' lang='lat' dir='ltr'><strong>igitur</strong></span> <span class='ocrx_word' id='word_1_346' title='bbox 1398 3557 1494 3627; x_wconf 83' lang='lat' dir='ltr'><strong>iis,</strong></span> <span class='ocrx_word' id='word_1_347' title='bbox 1541 3573 1686 3630; x_wconf 87' lang='lat' dir='ltr'><strong>quae</strong></span> <span class='ocrx_word' id='word_1_348' title='bbox 1718 3552 1949 3613; x_wconf 83' lang='lat' dir='ltr'><strong>Christo</strong></span> <span class='ocrx_word' id='word_1_349' title='bbox 1984 3575 2018 3614; x_wconf 84' lang='lat' dir='ltr'><strong>a</strong></span> <span class='ocrx_word' id='word_1_350' title='bbox 2046 3556 2197 3614; x_wconf 85' lang='lat' dir='ltr'><strong>Juda</strong></span> <span class='ocrx_word' id='word_1_351' title='bbox 2225 3557 2380 3619; x_wconf 83' lang='lat' dir='ltr'><strong>facta</strong></span> <span class='ocrx_word' id='word_1_352' title='bbox 2412 3566 2602 3628; x_wconf 85' lang='lat' dir='ltr'><strong>sunt,</strong></span> 
     </span>
     <span class='ocr_line' id='line_1_39' title="bbox 368 3636 2598 3716; baseline 0.002 -21"><span class='ocrx_word' id='word_1_353' title='bbox 368 3640 532 3695; x_wconf 89' lang='lat' dir='ltr'><strong>nullo</strong></span> <span class='ocrx_word' id='word_1_354' title='bbox 575 3636 749 3695; x_wconf 88' lang='lat' dir='ltr'><strong>modo</strong></span> <span class='ocrx_word' id='word_1_355' title='bbox 785 3641 1210 3699; x_wconf 83' lang='lat' dir='ltr'><strong>accommodari</strong></span> <span class='ocrx_word' id='word_1_356' title='bbox 1248 3650 1461 3716; x_wconf 85' lang='lat' dir='ltr'><strong>potest.</strong></span> <span class='ocrx_word' id='word_1_357' title='bbox 1549 3639 1699 3696; x_wconf 91' lang='lat' dir='ltr'><strong>Nam</strong></span> <span class='ocrx_word' id='word_1_358' title='bbox 1742 3651 1802 3697; x_wconf 87' lang='lat' dir='ltr'><strong>et</strong></span> <span class='ocrx_word' id='word_1_359' title='bbox 1843 3642 2154 3716; x_wconf 83' lang='lat' dir='ltr'><strong>praescivit</strong></span> <span class='ocrx_word' id='word_1_360' title='bbox 2189 3641 2460 3700; x_wconf 87' lang='lat' dir='ltr'><strong>Christus</strong></span> <span class='ocrx_word' id='word_1_361' title='bbox 2515 3652 2598 3699; x_wconf 84' lang='lat' dir='ltr'><strong>ut</strong></span> 
     </span>
     <span class='ocr_line' id='line_1_40' title="bbox 365 3721 2595 3803; baseline 0 -20"><span class='ocrx_word' id='word_1_362' title='bbox 365 3721 563 3795; x_wconf 80' lang='lat' dir='ltr'><strong>Deus,</strong></span> <span class='ocrx_word' id='word_1_363' title='bbox 615 3725 804 3798; x_wconf 87' lang='lat' dir='ltr'><strong>qualis</strong></span> <span class='ocrx_word' id='word_1_364' title='bbox 842 3735 992 3782; x_wconf 86' lang='lat' dir='ltr'><strong>esset</strong></span> <span class='ocrx_word' id='word_1_365' title='bbox 1027 3725 1242 3796; x_wconf 70' lang='lat' dir='ltr'><strong>judan,</strong></span> <span class='ocrx_word' id='word_1_366' title='bbox 1298 3734 1358 3781; x_wconf 88' lang='lat' dir='ltr'><strong>ct</strong></span> <span class='ocrx_word' id='word_1_367' title='bbox 1401 3725 1539 3802; x_wconf 90' lang='lat' dir='ltr'><strong>quid</strong></span> <span class='ocrx_word' id='word_1_368' title='bbox 1584 3735 2054 3800; x_wconf 82' lang='lat' dir='ltr'><strong>perpetraturus,</strong></span> <span class='ocrx_word' id='word_1_369' title='bbox 2109 3735 2170 3782; x_wconf 86' lang='lat' dir='ltr'><strong>et</strong></span> <span class='ocrx_word' id='word_1_370' title='bbox 2204 3727 2345 3803; x_wconf 91' lang='lat' dir='ltr'><strong>quid</strong></span> <span class='ocrx_word' id='word_1_371' title='bbox 2385 3725 2459 3782; x_wconf 88' lang='lat' dir='ltr'><strong>de</strong></span> <span class='ocrx_word' id='word_1_372' title='bbox 2507 3745 2595 3783; x_wconf 81' lang='lat' dir='ltr'><strong>eo</strong></span> 
     </span>
     <span class='ocr_line' id='line_1_41' title="bbox 365 3808 2601 3890; baseline 0.003 -28"><span class='ocrx_word' id='word_1_373' title='bbox 365 3824 633 3882; x_wconf 84' lang='lat' dir='ltr'><strong>sperare,</strong></span> <span class='ocrx_word' id='word_1_374' title='bbox 683 3808 909 3885; x_wconf 85' lang='lat' dir='ltr'><strong>sibique</strong></span> <span class='ocrx_word' id='word_1_375' title='bbox 953 3809 1296 3886; x_wconf 87' lang='lat' dir='ltr'><strong>persuadere</strong></span> <span class='ocrx_word' id='word_1_376' title='bbox 1336 3810 1599 3880; x_wconf 87' lang='lat' dir='ltr'><strong>deberet,</strong></span> <span class='ocrx_word' id='word_1_377' title='bbox 1656 3828 1775 3867; x_wconf 88' lang='lat' dir='ltr'><strong>nou</strong></span> <span class='ocrx_word' id='word_1_378' title='bbox 1816 3813 2007 3886; x_wconf 89' lang='lat' dir='ltr'><strong>potuit</strong></span> <span class='ocrx_word' id='word_1_379' title='bbox 2036 3813 2342 3890; x_wconf 83' lang='lat' dir='ltr'><strong>ignorare,</strong></span> <span class='ocrx_word' id='word_1_380' title='bbox 2389 3828 2601 3885; x_wconf 85' lang='lat' dir='ltr'><strong>quum</strong></span> 
     </span>
     <span class='ocr_line' id='line_1_42' title="bbox 366 3891 2601 3973; baseline 0.002 -26"><span class='ocrx_word' id='word_1_381' title='bbox 366 3893 527 3948; x_wconf 85' lang='lat' dir='ltr'><strong>nulls</strong></span> <span class='ocrx_word' id='word_1_382' title='bbox 569 3893 633 3948; x_wconf 90' lang='lat' dir='ltr'><strong>in</strong></span> <span class='ocrx_word' id='word_1_383' title='bbox 671 3910 736 3948; x_wconf 89' lang='lat' dir='ltr'><strong>re</strong></span> <span class='ocrx_word' id='word_1_384' title='bbox 775 3891 964 3968; x_wconf 88' lang='lat' dir='ltr'><strong>decipi</strong></span> <span class='ocrx_word' id='word_1_385' title='bbox 1000 3896 1103 3950; x_wconf 86' lang='lat' dir='ltr'><strong>ille</strong></span> <span class='ocrx_word' id='word_1_386' title='bbox 1148 3896 1421 3971; x_wconf 88' lang='lat' dir='ltr'><strong>potuerit.</strong></span> <span class='ocrx_word' id='word_1_387' title='bbox 1502 3893 1795 3973; x_wconf 81' lang='lat' dir='ltr'><strong>Itaquc&#39;et</strong></span> <span class='ocrx_word' id='word_1_388' title='bbox 1824 3892 2126 3966; x_wconf 85' lang='lat' dir='ltr'><strong>Christus,</strong></span> <span class='ocrx_word' id='word_1_389' title='bbox 2185 3905 2253 3952; x_wconf 87' lang='lat' dir='ltr'><strong>ut</strong></span> <span class='ocrx_word' id='word_1_390' title='bbox 2292 3896 2601 3971; x_wconf 79' lang='lat' dir='ltr'><strong>diximus,</strong></span> 
     </span>
     <span class='ocr_line' id='line_1_43' title="bbox 363 3975 2599 4056; baseline 0.003 -24"><span class='ocrx_word' id='word_1_391' title='bbox 363 3975 511 4034; x_wconf 82' lang='lat' dir='ltr'><strong>illud</strong></span> <span class='ocrx_word' id='word_1_392' title='bbox 558 3994 780 4033; x_wconf 83' lang='lat' dir='ltr'><strong>comma</strong></span> <span class='ocrx_word' id='word_1_393' title='bbox 819 3977 882 4033; x_wconf 87' lang='lat' dir='ltr'><strong>in</strong></span> <span class='ocrx_word' id='word_1_394' title='bbox 925 3978 1205 4037; x_wconf 86' lang='lat' dir='ltr'><strong>citatione</strong></span> <span class='ocrx_word' id='word_1_395' title='bbox 1247 3976 1462 4036; x_wconf 84' lang='lat' dir='ltr'><strong>Versus</strong></span> <span class='ocrx_word' id='word_1_396' title='bbox 1512 3978 1681 4054; x_wconf 87' lang='lat' dir='ltr'><strong>hujus</strong></span> <span class='ocrx_word' id='word_1_397' title='bbox 1723 3979 1936 4036; x_wconf 87' lang='lat' dir='ltr'><strong>omisit.</strong></span> <span class='ocrx_word' id='word_1_398' title='bbox 2024 3977 2343 4038; x_wconf 85' lang='lat' dir='ltr'><strong>Videndum</strong></span> <span class='ocrx_word' id='word_1_399' title='bbox 2387 3981 2599 4056; x_wconf 83' lang='lat' dir='ltr'><strong>enim,</strong></span> 
     </span>
     <span class='ocr_line' id='line_1_44' title="bbox 361 4058 2600 4139; baseline 0.004 -23"><span class='ocrx_word' id='word_1_400' title='bbox 361 4058 536 4136; x_wconf 86' lang='lat' dir='ltr'><strong>quid,</strong></span> <span class='ocrx_word' id='word_1_401' title='bbox 586 4062 713 4133; x_wconf 87' lang='lat' dir='ltr'><strong>cui,</strong></span> <span class='ocrx_word' id='word_1_402' title='bbox 756 4069 815 4116; x_wconf 91' lang='lat' dir='ltr'><strong>et</strong></span> <span class='ocrx_word' id='word_1_403' title='bbox 848 4062 1169 4136; x_wconf 88' lang='lat' dir='ltr'><strong>quomodo,</strong></span> <span class='ocrx_word' id='word_1_404' title='bbox 1209 4073 1268 4120; x_wconf 90' lang='lat' dir='ltr'><strong>et</strong></span> <span class='ocrx_word' id='word_1_405' title='bbox 1304 4082 1420 4139; x_wconf 88' lang='lat' dir='ltr'><strong>qua</strong></span> <span class='ocrx_word' id='word_1_406' title='bbox 1455 4062 1523 4121; x_wconf 86' lang='lat' dir='ltr'><strong>de</strong></span> <span class='ocrx_word' id='word_1_407' title='bbox 1561 4080 1766 4134; x_wconf 77' lang='lat' dir='ltr'><strong>causa,</strong></span> <span class='ocrx_word' id='word_1_408' title='bbox 1823 4082 2010 4139; x_wconf 86' lang='lat' dir='ltr'><strong>quove</strong></span> <span class='ocrx_word' id='word_1_409' title='bbox 2042 4075 2303 4137; x_wconf 84' lang='lat' dir='ltr'><strong>respectu</strong></span> <span class='ocrx_word' id='word_1_410' title='bbox 2336 4081 2600 4124; x_wconf 82' lang='lat' dir='ltr'><strong>accom-</strong></span> 
     </span>
     <span class='ocr_line' id='line_1_45' title="bbox 289 4144 2603 4223; baseline 0.004 -22"><span class='ocrx_word' id='word_1_411' title='bbox 289 4192 297 4209; x_wconf 84' lang='lat'><em>,</em></span> <span class='ocrx_word' id='word_1_412' title='bbox 358 4144 648 4217; x_wconf 85' lang='lat' dir='ltr'><strong>modetur,</strong></span> <span class='ocrx_word' id='word_1_413' title='bbox 686 4163 761 4201; x_wconf 88' lang='lat' dir='ltr'><strong>ue</strong></span> <span class='ocrx_word' id='word_1_414' title='bbox 789 4144 1084 4223; x_wconf 81' lang='lat' dir='ltr'><strong>allegoriis</strong></span> <span class='ocrx_word' id='word_1_415' title='bbox 1116 4148 1361 4204; x_wconf 85' lang='lat' dir='ltr'><strong>detortis</strong></span> <span class='ocrx_word' id='word_1_416' title='bbox 1395 4157 1455 4204; x_wconf 91' lang='lat' dir='ltr'><strong>et</strong></span> <span class='ocrx_word' id='word_1_417' title='bbox 1483 4149 1689 4206; x_wconf 85' lang='lat' dir='ltr'><strong>alienis</strong></span> <span class='ocrx_word' id='word_1_418' title='bbox 1720 4150 2005 4205; x_wconf 83' lang='lat' dir='ltr'><strong>sententia</strong></span> <span class='ocrx_word' id='word_1_419' title='bbox 2034 4167 2174 4206; x_wconf 87' lang='lat' dir='ltr'><strong>vera</strong></span> <span class='ocrx_word' id='word_1_420' title='bbox 2198 4161 2257 4207; x_wconf 84' lang='lat' dir='ltr'><strong>et</strong></span> <span class='ocrx_word' id='word_1_421' title='bbox 2283 4148 2603 4211; x_wconf 69' lang='lat' dir='ltr'><strong>historica</strong></span> 
     </span>
     <span class='ocr_line' id='line_1_46' title="bbox 358 4229 2600 4303; baseline 0.004 -18"><span class='ocrx_word' id='word_1_422' title='bbox 358 4237 782 4303; x_wconf 82' lang='lat' dir='ltr'><strong>corrumpatur,</strong></span> <span class='ocrx_word' id='word_1_423' title='bbox 825 4237 886 4285; x_wconf 86' lang='lat' dir='ltr'><strong>et</strong></span> <span class='ocrx_word' id='word_1_424' title='bbox 914 4229 989 4286; x_wconf 82' lang='lat' dir='ltr'><strong>ad</strong></span> <span class='ocrx_word' id='word_1_425' title='bbox 1015 4248 1191 4289; x_wconf 85' lang='lat' dir='ltr'><strong>unam</strong></span> <span class='ocrx_word' id='word_1_426' title='bbox 1225 4233 1400 4289; x_wconf 86' lang='lat' dir='ltr'><strong>unius</strong></span> <span class='ocrx_word' id='word_1_427' title='bbox 1429 4231 1640 4289; x_wconf 86' lang='lat' dir='ltr'><strong>Versus</strong></span> <span class='ocrx_word' id='word_1_428' title='bbox 1675 4233 1738 4288; x_wconf 87' lang='lat' dir='ltr'><strong>in</strong></span> <span class='ocrx_word' id='word_1_429' title='bbox 1765 4230 2011 4290; x_wconf 83' lang='lat' dir='ltr'><strong>Psalmis</strong></span> <span class='ocrx_word' id='word_1_430' title='bbox 2045 4232 2114 4291; x_wconf 91' lang='lat' dir='ltr'><strong>de</strong></span> <span class='ocrx_word' id='word_1_431' title='bbox 2145 4235 2378 4293; x_wconf 87' lang='lat' dir='ltr'><strong>Christo</strong></span> <span class='ocrx_word' id='word_1_432' title='bbox 2411 4234 2600 4294; x_wconf 75' lang='lat' dir='ltr'><strong>eita-</strong></span> 
     </span>
     <span class='ocr_line' id='line_1_47' title="bbox 354 4309 2601 4399; baseline 0.004 -28"><span class='ocrx_word' id='word_1_433' title='bbox 354 4312 576 4374; x_wconf 77' lang='lat' dir='ltr'><strong>tionem</strong></span> <span class='ocrx_word' id='word_1_434' title='bbox 602 4314 692 4374; x_wconf 81' lang='lat' dir='ltr'><strong>vel</strong></span> <span class='ocrx_word' id='word_1_435' title='bbox 723 4329 762 4373; x_wconf 72' lang='lat' dir='ltr'><strong>a</strong></span> <span class='ocrx_word' id='word_1_436' title='bbox 786 4309 1057 4390; x_wconf 80' lang='lat' dir='ltr'><strong>Christo,</strong></span> <span class='ocrx_word' id='word_1_437' title='bbox 1094 4317 1188 4377; x_wconf 84' lang='lat' dir='ltr'><strong>vel</strong></span> <span class='ocrx_word' id='word_1_438' title='bbox 1214 4315 1287 4377; x_wconf 80' lang='lat' dir='ltr'><strong>ab</strong></span> <span class='ocrx_word' id='word_1_439' title='bbox 1311 4316 1643 4397; x_wconf 80' lang='lat' dir='ltr'><strong>Apostolis,</strong></span> <span class='ocrx_word' id='word_1_440' title='bbox 1687 4316 1780 4377; x_wconf 82' lang='lat' dir='ltr'><strong>vel</strong></span> <span class='ocrx_word' id='word_1_441' title='bbox 1806 4316 1880 4376; x_wconf 88' lang='lat' dir='ltr'><strong>ab</strong></span> <span class='ocrx_word' id='word_1_442' title='bbox 1907 4316 2303 4399; x_wconf 77' lang='lat' dir='ltr'><strong>Evangelistis</strong></span> <span class='ocrx_word' id='word_1_443' title='bbox 2327 4319 2601 4398; x_wconf 64' lang='lat' dir='ltr'><strong>(nomm,</strong></span> 
     </span>
    </p>
   </div>
  </div>
 </body>
</html>
