2747 4800
853 246 860 255 ἱ
933 289 1057 357 Pe.
1113 282 1282 377 105,
1324 291 1678 371 ’.ιι-25.
1768 302 1775 307 ’
2265 292 2412 368 561

241 500 248 509 -
361 440 463 525 21.
579 470 693 530 ’ΠΝ
730 470 859 530 'vain
887 468 1135 545 Posuit,
1180 472 1489 531 constituit
1528 490 1656 528 eum
1696 471 2017 545 dominum,
2059 476 2414 561 gubernato·

127 552 142 567 “
190 571 334 625 rem,
375 554 478 629 qui
508 534 860 631 mancipium
894 555 1086 614 fuerat
1116 555 1475 630 V=.17.,cf.
1507 557 1652 617 Gen.
1683 558 1787 630 42,
1817 559 1917 618 30.
1940 559 2044 617 33.
2088 592 2177 604 —-
2220 563 2410 644 ἣωΰξ

188 637 410 696 Domui
453 655 633 710 suae,
687 641 852 697 aulae
891 651 951 697 et
992 643 1283 699 ministris
1327 642 1485 715 suis,
1539 652 1609 700 ut
1651 643 1823 700 illius
1849 631 2412 711 administrationem

188 725 313 798 ipse
344 724 666 795 ordinaret,
712 724 826 781 vid.
861 725 1007 784 Gen.
1027 728 1132 798 41,
1153 729 1257 783 40.
1303 726 1409 799 45,
1433 726 1492 784 8.
1530 759 1605 772 —
1651 722 1820 807 bit-5⁷27
1849 726 1935 785 Et
1963 728 2409 816 dominatorem,

186 807 511 888 Vulgatus·
569 816 627 863 et
673 810 1045 888 principem,
1113 767 1173 870 h.
1223 831 1272 868 e.
1317 828 1652 890 supremum
1704 812 1809 870 sub
1857 814 1982 888 ipso
2031 823 2223 874 tamen
2268 836 2407 900 rege

189 891 320 971 (Vs.
345 892 474 969 20.)
517 890 1111 968 administratorem,
1171 896 1459 973 quomodo
1503 897 1652 955 idem
1690 915 1900 954 nomen
1943 908 2002 955 et
2028 898 2183 979 Gen.
2211 904 2315 976 24,
2344 907 2405 962 2.

186 987 521 1052 usurpatur.
607 975 877 1066 ‘unp-L
850 989 967 1039 :a
1001 976 1082 1038 In
1113 999 1331 1038 ommm
1358 983 1799 1059 possessionem
1829 979 2019 1053 sicam,
2070 995 2134 1041 ut
2164 1004 2289 1043 eam
2324 990 2411 1049 ita
2484 988 2495 1011 '

186 1061 562 1139 gubernaret,
605 1072 674 1118 ut
704 1043 997 1137 potestati,
1038 1065 1285 1143 Josepho
1318 1084 1644 1138 concessae,
1687 1066 1758 1124 ad
1791 1084 2072 1124 summum
2106 1070 2405 1146 imperium

186 1146 338 1204 nihil
377 1148 636 1253 omnino,
671 1158 900 1223 praeter
932 1147 1227 1224 thronum,
1271 1151 1514 1224 deesset,
1552 1152 1674 1210 vid.
1709 1150 1857 1208 Gen.
1886 1153 1992 1223 41,
2022 1154 2320 1214 41-49,

354 1274 455 1329 22.
543 1246 699 1362 7735?
736 1270 913 1361 Ἶὸκὲ
953 1276 1056 1334 Ad
1094 1278 1463 1341 vinciendum
1497 1277 1813 1358 principes
1851 1295 2017 1351 vus,
2063 1289 2130 1337 ut
2171 1283 2254 1357 is,
2303 1284 2405 1364 qui

189 1358 497 1417 durissime
528 1343 759 1417 vinctus
796 1338 986 1418 fu²erat
1025 1363 1151 1443 (Vs.
1178 1362 1343 1439 18.‚)
1389 1382 1544 1420 nunc
1574 1364 1857 1437 vinciret,
1900 1365 1943 1420 i.
1975 1383 2025 1422 e.
2060 1371 2408 1427 auctoritate

139 1520 142 1521 ⁷
169 1455 252 1502 *et
282 1445 561 1518 imperio,
620 1447 712 1502 vel
750 1443 975 1524 legibus
1007 1450 1129 1505 suis
1160 1467 1258 1505 eos
1292 1450 1758 1528 constringeret,
1815 1449 1911 1505 vel
1944 1449 2018 1507 ad
2046 1451 2406 1529 obsequium,

190 1529 285 1585 vel
323 1529 395 1585 ad
437 1547 649 1603 poenas
691 1539 749 1586 et
788 1548 1113 1607 carcerem,
1172 1531 1241 1588 cf.
1289 1532 1430 1604 149,
1464 1534 1526 1590 8.
1568 1531 1693 1590 Job.
1730 1534 1998 1606 12,18.‚
2059 1545 2120 1592 et
2166 1537 2240 1594 ad
2283 1556 2409 1598 rem

186 1612 339 1671 Gen.
374 1615 480 1685 41,
509 1618 613 1672 44.
651 1647 739 1659 —-
781 1618 943 1701 ἸἿἾΨ
972 1614 1288 1695 Principes
1330 1614 1500 1690 ejus,
1565 1618 1604 1675 i.
1640 1636 1689 1674 e.
1723 1619 2063 1693 praecipuos
2094 1620 2264 1678 aulae
2295 1626 2409 1681 mi-

193 1700 434 1770 nistros,
471 1710 528 1756 et
557 1701 799 1756 militiae
831 1717 900 1756 ac
932 1703 1364 1777 provinciarum
1402 1712 1677 1759 rectores.
1767 1700 1981 1761 Cehibb
2019 1702 2192 1780 hujus
2223 1710 2406 1781 vocis,
2454 1706 2457 1709 ’

112 1816 121 1831 ·
193 1781 536 1845 defectivum
574 1780 798 1862 (ΠΨ),
841 1787 1054 1861 aliqui,
1098 1805 1134 1843 a
1162 1785 1436 1843 Kimchio
1466 1786 1793 1860 memorati,
1832 1796 2107 1863 tanquam
2142 1792 2408 1871 singula-

194 1886 320 1924 rem
364 1886 700 1940 numerum,
759 1870 829 1927 (le
871 1868 1201 1949 Potiplmre
1247 1872 1690 1955 intelligendum
1734 1881 2037 1947 putarunt.
2128 1874 2244 1934 Sed
2295 1896 2405 1951 pro
2448 1894 2464 1916 ·

192 1954 480 2050 singulari
522 1956 576 2011 si
615 1952 825 2011 habeas
864 1955 1013 2039 ἦῆὶρ,
1072 1956 1371 2013 collective
1415 1966 1504 2012 est
1537 1957 1954 2032 accipiendum.
2043 1946 2193 2018 'lilim
2280 1958 2405 2019 Pro

189 2037 392 2094 anima
431 2054 563 2109 sua,
611 2040 652 2095 1.
683 2057 732 2097 ε.
765 2056 869 2113 pro
901 2040 1089 2098 lubitu
1124 2048 1185 2098 et
1220 2039 1465 2096 arbitrio
1495 2059 1637 2113 suo,
1681 2040 1845 2099 sicut
1878 2039 2072 2112 venet,
2118 2055 2184 2100 ut
2257 2063 2406 2121 yrus

188 2121 478 2197 reddidit;
532 2124 607 2180 cf.
649 2123 791 2180 Gen.
817 2124 921 2195 41,
948 2127 1050 2184 40.
1089 2155 1177 2168 —-·
1222 2137 1275 2183 7
1280 2135 1412 2215 ψῃ
1455 2123 1543 2180 Et
1582 2125 1850 2182 seniores
1884 2142 2044 2200 ojus,
2080 2128 2120 2184 i.
2148 2147 2199 2184 e.
2231 2146 2405 2188 sena·-

192 2217 351 2263 tores
398 2217 455 2263 et
499 2208 866 2266 consiliarios
904 2164 1269 2279 ’Pharaonis‚
1330 2227 1598 2283 proceres
1643 2210 1847 2287 regni,
1910 2212 2204 2302 quomodo
2252 2214 2405 2273 idem

187 2309 401 2349 nomen
429 2302 486 2349 et
521 2292 666 2349 Gen.
698 2292 802 2363 50,
835 2294 893 2349 7.
933 2295 1212 2366 occurrit,
1255 2304 1313 2350 et
1346 2294 1658 2369 respondet
1688 2290 1749 2350 h.
1780 2293 1823 2349 1.
1854 2288 1939 2373 τῷ
1979 2308 2035 2356 77
2085 2300 2152 2356 iv
2239 2302 2405 2391 nam

190 2371 562 2453 §apientiam
602 2377 806 2434 docuit
847 2395 925 2435 sc.
956 2379 1272 2454 politicam,
1316 2395 1452 2435 nam
1485 2379 1805 2454 sapientior
1833 2388 1893 2438 et
1928 2397 2042 2456 pru
2082 2360 2277 2441 entior
2310 2402 2406 2440 ce-

163 2462 336 2518 'oeris
366 2463 630 2520 omnibus
664 2473 926 2538 repertus
956 2462 1136 2522 fuisse
1164 2465 1383 2522 dieitur
1416 2462 1560 2522 Gen.
1586 2464 1692 2535 41,
1722 2464 1823 2523 38.
1851 2465 1953 2523 39.

362 2589 462 2645 23.
535 2595 744 2681 075272·
791 2585 998 2681 51(Ἵὸςὶ
1043 2593 1158 2651 θίν’
1170 2604 1195 2652 7
1231 2586 1436 2647 Israel
1473 2589 1535 2645 in
1567 2588 1902 2668 Aegyptum
1932 2591 2119 2666 venit,
2160 2577 2406 2653 Iacobus

190 2684 282 2730 est
311 2671 436 2730 1ι.1.
472 2650 953 2767 intelligendus,
973 2676 1132 2748 cujus
1146 2657 1338 2732 serae!
1372 2674 1488 2732 fuit
1521 2685 2003 2753 cognomentum,
2056 2684 2124 2734 ut
2162 2689 2406 2755 sequens

192 2759 506 2815 membrum
551 2760 630 2814 sit
671 2745 1020 2838 ἐπεξηγησις
1064 2756 1488 2831 praecedentis,
1546 2761 1715 2816 aliter
1755 2776 1927 2835 quam
1967 2777 2144 2836 supra
2176 2760 2274 2819 Vs.
2310 2766 2404 2822 10.

191 2839 284 2901 De
311 2844 523 2918 populo
558 2846 708 2899 enim
743 2845 1119 2920 interpretari
1149 2844 1278 2901 ideo
1313 2860 1432 2898 non
1467 2843 1633 2915 licet,
1684 2844 1838 2918 quod
1865 2862 1934 2901 eo
1966 2853 2220 2920 tempore
2253 2863 2405 2903 non-¹·

196 2927 331 2984 dum
370 2928 549 2984 fuerit
587 2930 862 3004 populus,
923 2947 1106 3005 neque
1134 2927 1294 2984 ultra
1321 2925 1632 3008 sexaginta
1649 2943 1766 2989 ,sex
1793 2925 1995 2985 Jacobi
2025 2927 2254 2985 familia
2280 2940 2405 2989 tum

192 3009 490 3083 habuerit,
547 3031 715 3089 quam
748 3031 940 3079 secum
975 3015 1039 3070 in
1070 3011 1400 3092 Aegyptum
1430 3011 1769 3083 adduxerit,
1810 3011 2017 3089 quibus
2047 3014 2096 3070 si
2128 3030 2407 3072 annume-

191 3106 358 3170 retur
398 3095 676 3173 Josephus
720 3102 849 3155 cuin
897 3100 1052 3167 suis,
1112 3102 1386 3155 universa
1432 3097 1636 3153 donms
1677 3098 1801 3172 ejus
1844 3114 1966 3154 non
2008 3095 2213 3155 habuit
2253 3101 2410 3157 ultra

195 3184 580 3260 septuaginta.
648 3180 739 3241 De
779 3192 1094 3274 οτι-γῆξ
1129 3181 1251 3254 yid.
1296 3181 1370 3239 ad
1413 3183 1516 3255 78,
1543 3182 1665 3238 51.
1764 3197 1771 3202 “

368 3300 468 3355 24.
517 3300 645 3358 Illic
675 3318 813 3357 vero
850 3310 1009 3384 *1077
1036 3297 1448 3372 fructificare
1471 3296 1663 3372 fecit,
1708 3315 1755 3354 s.
1783 3295 2182 3370 fructuosum
2219 3310 2277 3368 et
2307 3303 2411 3361 ad

192 3382 428 3441 modum
457 3382 796 3441 foecundum
834 3385 1119 3455 reddidit,
1163 3382 1351 3455 Deus,
1396 3386 1558 3457 cujus
1586 3381 1682 3440 Vs.
1718 3383 1814 3439 19.
1859 3383 2078 3454 mentio
2119 3383 2304 3459 facta,
2351 3398 2410 3445 et

196 3470 360 3540 cujus
389 3468 718 3547 benignitas
750 3488 849 3545 per
883 3477 1065 3527 totum
1095 3467 1387 3528 Psalmum
1417 3467 1759 3527 celebratur.
1815 3465 2063 3525 Verbum
2092 3487 2230 3526 vero
2264 3467 2411 3529 illud

195 3561 285 3608 est
301 3552 594 3625 futurum
625 3555 1059 3633 conjugationis
1087 3551 1323 3630 Hiplnl,
1351 3571 1450 3629 per
1473 3570 1772 3629 apocopen
1800 3552 2010 3610 tertiae
2036 3552 2306 3611 radicalis
2339 3568 2410 3630 Π,

193 3645 265 3693 ut
300 3634 437 3699 ³2:¹7
468 3640 772 3716 captivum
805 3637 1081 3711 abduxit,
1119 3636 1315 3717 2Reg.
1342 3640 1439 3710 17,
1469 3638 1525 3694 6.
1577 3636 1676 3711 18,
1703 3639 1797 3696 11.
1863 3645 1918 3695 7
1923 3647 2069 3724 aaz}
2117 3647 2417 3728 mna-19²7

149 3731 166 3740 “
196 3718 285 3776 Et
312 3701 728 3794 robustiorem,
764 3742 1002 3781 numero
1035 3734 1093 3780 et
1119 3722 1342 3780 viribus
1365 3723 1641 3796 majorem
1662 3720 1837 3796 fecit
1867 3739 1996 3777 eum
2024 3739 2183 3800 prae
2214 3705 2414 3779 inimi-
2452 3725 2459 3734 '

193 3806 286 3862 cia
317 3808 466 3879 auis,
506 3810 832 3889 Aegyptiis,
865 3811 964 3885 qui
995 3809 1127 3864 illos
1157 3808 1439 3865 servitute
1471 3809 1834 3882 premebant.
1881 3806 2043 3863 Intra
2073 3823 2256 3862 annos
2286 3809 2415 3864 222

193 3881 562 3973 septuaginta
604 3894 693 3949 illi
737 3891 994 3950 homines
1039 3890 1239 3949 domus
1282 3890 1562 3949 Jacobeae
1608 3900 1985 3949 excreverant
2025 3891 2098 3948 ad
2141 3893 2263 3947 600
2267 3896 2414 3966 ,000

191 3976 470 4050 peditum,
513 3979 769 4054 exceptis
805 3977 1007 4035 liberis
1041 3989 1120 4034 et
1130 3976 1491 4050 mulieribus,
1526 3977 1648 4038 vid.
1682 3976 1795 4035 Ex.
1827 3978 1883 4050 l,
1913 3978 1971 4034 7.
2003 3976 2065 4033 9.
2093 3975 2195 4032 20.

372 4092 479 4152 25.
565 4088 683 4158 nal:
747 4104 889 4194 :7033
938 4091 1146 4151 Vertit
1201 4113 1249 4151 s.
1292 4094 1550 4151 mutavit
1576 4111 1692 4165 ee,
1756 4092 1854 4152 vel
1897 4109 2131 4151 versum
2174 4099 2267 4148 est
2310 4107 2420 4152 cor

196 4194 413 4236 eorum.
460 4180 550 4239 lta
578 4164 819 4240 verbum
848 4176 1239 4238 intransitive
1268 4179 1518 4244 reddunt
1548 4176 1867 4238 Chaldaeus
1895 4188 1955 4234 et
1985 4177 2194 4248 Arabs,
2219 4194 2421 4252 quem·-

194 4261 504 4323 admodum
539 4275 599 4323 et
626 4266 1023 4343 accipiendum
1059 4274 1149 4322 est
1180 4263 1316 4322 Lev.
1346 4264 1447 4336 13,
1473 4265 1532 4320 3.
1559 4265 1621 4322 4.
1664 4265 1757 4322 13.
1790 4265 1892 4320 20.
1948 4261 2152 4319 lSam.
2183 4260 2287 4332 25,
2326 4262 2419 4319 12.

194 4344 292 4405 Ps.
326 4350 498 4421 789
460 4352 543 4424 9,
580 4361 641 4410 et
667 4351 784 4412 Ex·
806 4351 907 4425 14,
935 4347 993 4407 5.
1027 4350 1092 4407 in
1121 4348 1319 4408 eadem
1349 4348 1551 4427 phrasi
1574 4346 1806 4429 Niphat
1833 4356 2173 4423 usurpatur,
2206 4347 2425 4430 {Ji-‘³5:121

275 4441 516 4510 Psalmi.
1676 4445 1735 4506 N
1765 4464 1807 4504 u
