2747 4800
969 275 1140 381 ⁸103.
1186 270 1345 358 125,
1392 270 1636 339 3-5,
2189 246 2208 267 “
2278 273 2423 346 633

217 412 523 532 Prova,
559 459 675 531 13,
715 460 846 517 0011.
872 455 986 516 ιω.
1019 460 1081 534 9,
1108 461 1168 518 a.
1218 459 1317 531 14,
1344 455 1403 515 5.
1445 455 1627 517 zwh.
1659 459 1757 532 ιο,
1788 459 1881 516 ιι.
1945 456 2070 520 Am
2098 473 2422 543 sceptrum,

216 545 262 598 i.
294 563 348 602 e.
382 544 535 616 vim,
579 545 931 619 potentiam,
968 545 1306 621 imperium,
1357 554 1429 601 ut
1460 544 1607 613 Gen.
1637 545 1741 615 49,
1770 546 1903 617 10.,
1949 548 2422 623 interpretantur.

197 625 309 685 cf.
341 640 462 686 not.
496 631 570 686 ad
601 627 695 685 Ps.
713 630 776 701 2,
793 628 857 687 9.
899 642 985 672 -’-
1026 629 1221 717 ῺΨᾊἿ
1251 625 1697 707 Improbs’tatis,
1727 630 1768 685 i.
1797 648 1851 686 e.
1881 632 2097 707 impiis,
2129 633 2423 692 abstracto
2536 646 2539 649 ’

216 730 323 788 pro
355 724 625 771 concreto
656 715 867 788 posito,
906 723 972 769 ut
998 711 1125 772 Job.
1151 712 1330 787 6,‘16.
1372 711 1544 771 Prov.
1564 713 1665 785 14,
1693 716 1769 784 1.,
1811 715 1963 772 unde
1996 717 2423 775 Alexandrinus
2523 768 2526 771 ,

213 805 275 852 et
316 796 604 876 Vulgatus
660 791 1052 876 ἇμαρτολῶν,
1106 805 1531 877 peccatorum,
1586 808 1922 873 posuerunt.
2003 800 2109 859 Vel
2160 802 2426 880 pingitur

212 882 555 956 improbitas
585 885 748 941 velut
774 885 980 961 regina
1010 902 1139 940 eum
1166 892 1416 959 sceptro,
1459 881 1597 939 coll.·
1615 880 1798 941 Zach.
1826 882 1886 956 5,
1914 886 1973 941 7.
1999 886 2078 956 8.,
2127 887 2222 941 cui
2246 889 2425 946 etiam

211 967 382 1039 alias,
422 976 489 1034 ut
516 966 874 1040 Ps.24,20.,
906 967 1154 1026 thronus
1186 978 1289 1024 aut
1320 965 1537 1023 solium
1566 966 1864 1025 tribuitur.
1939 975 2235 1055 ῦᾮᾞᾶζξ
2276 967 2418 1047 ’βῆ-’13

207 1046 449 1108 Sortem
487 1053 759 1128 piorum,
817 1051 871 1108 h.
898 1054 940 1108 l.
979 1071 1100 1110 non
1125 1060 1345 1110 terram
1378 1050 1810 1124 tantummodo,
1867 1072 2068 1111 verum
2098 1072 2191 1110 res
2225 1072 2421 1112 omnes

127 1170 130 1173 >
209 1144 268 1190 et
299 1135 425 1209 ipsa
453 1153 699 1212 corpora
725 1138 952 1213 piorum
982 1136 1336 1218 significare,
1361 1154 1455 1194 res
1484 1135 1609 1211 ipsa
1635 1135 1819 1195 docet.
1862 1133 2064 1216 {tribui}
2082 1133 2223 1199 -iae'b
2267 1136 2427 1222 3272&

209 1215 299 1274 Ne
335 1221 662 1278 extendant
696 1222 797 1299 pii
835 1221 917 1278 ad
951 1221 1334 1300 iniquitatem
1369 1237 1575 1277 manus
1614 1237 1790 1294 suas,
1845 1241 1920 1280 ne
1958 1204 2243 1282 malorum
2286 1205 2423 1303 gia-²

209 1305 392 1361 vitate
423 1307 587 1378 victi,
617 1308 822 1363 relicta
852 1308 1065 1382 pietate
1090 1306 1377 1363 malorum
1407 1304 1674 1378 exempla
1707 1317 2037 1385 sequantur.
2087 1303 2426 1366 Extendens

210 1405 456 1466 namque
494 1409 725 1447 manum
763 1390 847 1449 ad
883 1390 1114 1468 aliquid
1152 1402 1241 1447 est
1281 1390 1431 1448 illud
1465 1389 1728 1473 aggredi.

382 1517 441 1573 4.
529 1516 695 1576 Orat*
708 1516 917 1589 Deum,
965 1526 1032 1573 ut
1063 1515 1305 1596 dignum
1339 1517 1545 1592 cuique
1575 1518 1891 1576 mercedem
1924 1519 2247 1593 persolvat:
2290 1536 2423 1577 nam

189 1601 349 1675 ›quia
392 1602 654 1675 dixerat,
709 1622 829 1660 non
878 1602 1322 1660 commissurum
1363 1599 1588 1675 Deum,
1648 1613 1715 1659 ut
1764 1598 2424 1678 impiorum'tyrannide

208 1680 499 1760 perpetuo
518 1697 856 1762 premantur
886 1688 1002 1764 pii3
1044 1676 1112 1743 nt
1142 1683 1246 1742 hos
1281 1685 1352 1742 ad
1384 1688 1790 1746 rectitudinem
1818 1686 2139 1759 confirmet,
2179 1688 2316 1745 illos
2349 1688 2421 1746 ab

207 1770 581 1845 improbitate
608 1771 920 1841 deterreat,
961 1779 1383 1846 consequenter
1410 1788 1566 1828 nunc
1597 1772 1707 1847 piis
1738 1771 1879 1830 bene
1909 1778 2195 1846 precatur,
2225 1773 2420 1845 impiis

209 1855 366 1910 mala
393 1865 677 1914 eventura
704 1856 1005 1929 praedicit.
1058 1850 1300 1935 Βηῆἒξει
1346 1853 1551 1935 timui*
1592 1856 1767 1915 iidem
1799 1857 1897 1933 qui
1931 1854 2080 1914 alias
2115 1851 2197 1935 ἓξ
2232 1855 2421 1937 *stip
2470 1906 2475 1917 ,

213 1941 385 2013 utu-7,
419 1941 516 1997 ιι.
568 1936 666 2014 ιι,
699 1942 759 1997 2.
803 1942 1038 2014 32,11.
1126 1922 1152 1943 '
1284 1920 1299 1948 ⁸
1483 1921 1552 1949 '⁸
2325 1936 2337 1949 ·

383 2062 443 2124 5.
525 2040 736 2126 Rectis
788 2076 919 2144 apte
971 2075 1343 2143 opponuntur
1385 2058 1733 2157 ῦςῆἒῖζξιῖζ
1785 2071 2010 2148 ewam-23
2060 2064 2461 2127 declinantes.¹
2576 2066 2579 2069 ’

211 2147 298 2215 ad,
337 2152 769 2209 tortuositates
813 2170 849 2208 a
885 2161 1046 2211 recto
1090 2152 1324 2208 tramite
1364 2168 1536 2208 verae
1575 2152 1894 2229 religionis.
1979 2162 2202 2212 mma-*r
2240 2154 2424 2230 aliqui

208 2237 645 2294 intransitivum
675 2235 933 2296 faciunt:
1001 2236 1104 2312 qui
1147 2233 1449 2292 declinant
1488 2235 1562 2293 ad
1598 2235 2275 2312 semitasobliquitatis,
2329 2240 2421 2295 vel
2454 2263 2459 2267 ·

211 2329 506 2377 tortuosas
535 2323 664 2379 vias
694 2339 850 2379 suas.
936 2320 1052 2380 Sed
1092 2330 1332 2396 apparet
1372 2319 1618 2376 formam
1661 2338 1783 2376 esse
1823 2320 1984 2377 verbi
2021 2322 2423 2396 transitivam3

197 2423 390 2480 ‘quare
423 2407 530 2463 alii
554 2408 791 2466 verbum
818 2416 1167 2465 construunt
1199 2407 1573 2463 transitivum
1607 2424 1737 2462 cum
1778 2394 2041 2481 sequenti
2082 2408 2316 2463 nomine
2357 2409 2423 2465 in

210 2493 556 2549 Accusativo
599 2489 688 2570 (ut
732 2492 949 2552 2Sam.
981 2493 1043 2563 3,
1073 2493 1177 2548 27.
1245 2489 1437 2569 meg.
1475 2491 1572 2561 ll,
1610 2491 1667 2545 2.
1704 2487 1821 2568 4.),
1895 2486 2006 2547 hoc
2052 2505 2259 2547 sensu:
2319 2490 2424 2568 qui

139 2569 150 2572 “
187 2574 508 2632 ,declinare
534 2575 797 2648 faciunt
840 2576 1112 2652 ambages
1151 2593 1327 2645 suas,
1381 2575 1509 2646 vel,
1552 2582 1619 2631 ut
1652 2574 1873 2652 Syrus:
1919 2574 2092 2647 etii,
2139 2576 2243 2651 qui·
2271 2593 2422 2653 per-

213 2668 456 2717 vertunt
501 2663 747 2720 semitas
788 2679 949 2720 suas.
1037 2660 1269 2718 Rectius
1302 2678 1476 2729 vcro,
1516 2661 1762 2731 repetito
1806 2678 1836 2715 e
1873 2659 2061 2717 Versu
2093 2660 2153 2714 4.
2188 2660 2421 2716 nomine

211 2740 449 2823 1:17⁹szst
490 2733 666 2803 verba
706 2743 953 2804 hebraea
993 2747 1080 2801 sic
1118 2741 1280 2801 reddi
1325 2742 1628 2800 videntur:
1677 2741 2043 2802 declinantes
2087 2741 2275 2798 corda
2310 2760 2423 2799 sua

213 2809 299 2886 αᾶ
341 2838 652 2901 tortuosa,
693 2847 744 2885 s.
787 2830 851 2887 in
891 2828 1185 2886 tortuosis
1229 2826 1350 2883 viis
1389 2826 1554 2897 suis,
1602 2825 1910 2883 subaudito
1948 2826 2205 2900 praefixo
2245 2838 2286 2885 a
2330 2823 2421 2897 (ut

215 2912 423 2992 2Reg.
463 2916 561 2987 12,
594 2910 731 2981 11.).
814 2913 1057 2972 Nomen
1093 2905 1397 3003 ηἿξΡ-ξΓμ-ξζ
1448 2919 1675 2984 praeter
1716 2908 1775 2967 b.
1815 2910 1853 2965 1.
1896 2919 2125 2986 tantum
2167 2911 2422 2967 occurrit

209 2995 343 3056 Iud.
378 3000 434 3073 5,
461 2999 518 3057 6.
537 3040 556 3071 ‚
609 2999 710 3056 ubi
739 3001 969 3056 viarum
999 2996 1299 3074 ambages,
1331 2998 1477 3050 xsive
1505 2995 1766 3051 tramites
1803 3012 1837 3050 a
1865 3003 2024 3051 recto
2056 2994 2424 3069 obliquante·

213 3100 319 3157 per
351 3085 518 3143 devia
551 3084 863 3166 significat.
945 3080 1077 3140 Hoc
1117 3082 1247 3138 loco
1287 3077 1599 3136 transferri
1635 3088 1793 3154 patet
1829 3076 1902 3136 ad
1936 3096 2160 3136 omnem
2188 3089 2423 3154 pravam

214 3177 275 3223 et
303 3186 627 3243 perversam
662 3171 818 3227 vitae
845 3159 1165 3237 rationem,
1220 3182 1367 3242 quae
1409 3182 1445 3221 a
1483 3181 1687 3221 norma
1720 3174 2158 3239 praeceptorum
2190 3162 2423 3220 divino-

212 3270 343 3309 rum
378 3252 664 3326 deflectit,
702 3254 1039 3328 praesertim
1067 3249 1443 3309 defectionem
1475 3266 1509 3305 a
1539 3266 1679 3305 vera
1703 3246 1880 3307 Jovae
1910 3237 2230 3326 religione,
2279 3265 2425 3324 quae

214 3338 321 3394 via
356 3347 531 3396 recta
568 3351 657 3397 est
699 3337 800 3418 (cf.
834 3348 955 3396 not.
986 3333 1060 3392 ad
1094 3334 1186 3392 Ps.
1214 3333 1320 3406 25,
1350 3328 1455 3411 4.).
1523 3329 1611 3390 cf.
1644 3331 1818 3391 Deut.
1845 3335 1951 3405 32,
1984 3331 2041 3389 5.
2085 3332 2197 3390 Jes.
2232 3330 2335 3404 ⁵9,
2364 3334 2421 3389 8.

215 3422 265 3479 Α
304 3425 503 3479 nostro
544 3437 733 3482 autem
776 3424 973 3482 notari
1008 3418 1356 3478 Iudaeorum
1388 3436 1463 3475 ex
1492 3416 1791 3495 Babylone
1829 3436 2192 3476 reversorum
2228 3436 2425 3475 omnes

218 3521 353 3576 eos,
414 3509 738 3584 quicunque
781 3506 1297 3584 quomodocunque
1339 3511 1547 3560 contra
1582 3504 2027 3578 rempublicam,
2085 3512 2187 3559 aut
2229 3503 2425 3576 potius

222 3600 429 3646 eontra
468 3593 807 3671 religionem
846 3592 1137 3662 facerent,
1186 3597 1339 3647 recte
1372 3587 1703 3645 observavit
1735 3585 1956 3667 Tiling.
2045 3586 2218 3644 Tales
2258 3597 2426 3643 erant

219 3674 591 3732 matrimonia
624 3675 1026 3734 contrahentes
1058 3691 1187 3731 cum
1215 3672 1552 3729 mulieribus
1580 3675 1896 3742 extraneis,
1927 3672 2216 3730 idolorum
2244 3670 2428 3727 cultui

220 3755 503 3831 addictis,
555 3759 685 3817 Esr.
713 3760 772 3817 9.
811 3770 872 3817 et
915 3763 1005 3817 10.
1062 3758 1207 3818 Neh.
1242 3758 1335 3828 13,
1362 3757 1460 3813 23.
1491 3775 1620 3833 sqq.
1670 3749 1809 3824 coll.
1848 3756 1989 3815 Mal.
2018 3758 2081 3828 2,
2110 3756 2239 3822 11.;
2305 3766 2430 3810 tum

223 3844 326 3920 qui
361 3844 676 3922 sacrilegio
715 3843 1172 3902 intervertebant
1209 3842 1495 3912 decimas,
1546 3839 1691 3901 Neh.
1727 3843 1825 3916 13,
1860 3846 2035 3899 10·—
2057 3843 2151 3899 12.
2197 3836 2335 3897 Mal.
2367 3840 2429 3911 3,

224 3930 261 3986 8
280 3930 517 4003 -10.;
561 3947 736 4005 porro
767 3929 1079 3986 violatores
1107 3925 1395 3999 sabbathi,
1433 3925 1577 3984 Neh.
1604 3928 1699 3998 13,
1724 3926 1845 4000 15.,
1877 3937 1936 3985 et
1962 3927 2133 3984 multi
2164 3926 2268 3981 alii
2301 3924 2432 3979 aliis

222 4015 427 4074 multis
457 4015 797 4072 criminibus
827 4014 1070 4088 polluti,
1125 4028 1270 4086 quos
1297 4030 1405 4087 pro
1435 4010 1786 4091 indignitate
1820 4013 1906 4069 rei
1935 4013 2149 4068 acriter
2186 4009 2434 4086 castigat

225 4097 540 4160 Malachias
574 4100 764 4157 tribus
796 4099 1001 4173 primis
1031 4096 1336 4172 capitibus.
1420 4094 1531 4153 His
1562 4115 1704 4174 ergo
1741 4097 2059 4154 annunciat
2095 4103 2264 4170 poeta
2294 4111 2434 4167 poe-

162 4212 166 4217 *
223 4202 359 4241 nam
406 4194 464 4240 et
506 4183 822 4242 vindictam
864 4181 1152 4240 divinam:
1209 4188 1372 4263 nnn
1421 4172 1739 4256 ³222·le
1787 4182 1944 4241 Γῆν·
1988 4176 2204 4257 ῦξῇξῆτ
2249 4174 2437 4243 abire,

227 4271 420 4344 perire
444 4268 657 4341 faciet
697 4286 797 4326 eos
826 4265 984 4326 lova
1018 4284 1148 4323 cum
1179 4243 1567 4343 οροῦἆκίἰύιῖο
1609 4244 1955 4337 vanitatem}
1995 4265 2202 4340 quibus
2232 4258 2439 4334 Tiling

228 4352 505 4412 falsorum
540 4353 777 4421 deorum
810 4351 1064 4411 cultores
1103 4349 1409 4429 designare
1438 4348 1768 4425 existimat,
1826 4351 1981 4428 quod
2018 4359 2131 4436 ἠις
2163 4358 2439 4401 nonnun-
