2747 4800
722 283 1181 388 1³2.65‚‚14.
1277 286 1403 355 Ρ..
1447 283 1563 371 66,
1621 282 1799 357 215.
2047 337 2052 342 ,
2212 284 2360 358 397

175 476 280 545 30,
306 471 405 531 23
423 512 444 544 ‚
506 470 608 547 qui
647 489 768 530 non
805 472 922 529 nisi
959 479 1153 530 coacte
1194 467 1265 529 de
1308 471 1503 528 ariete
1547 471 1733 547 accipi
1771 475 1993 547 potest,
2036 490 2176 530 eum
2211 474 2365 550 quod

172 557 230 616 h.
257 561 295 614 Ι.
325 573 570 633 sequeus
599 575 805 614 nomen
837 556 1072 613 vallium
1098 556 1292 628 aliam,
1315 575 1484 632 quam
1508 556 1787 627 arietum,
1807 557 2102 614 notionem
2131 576 2366 632 poscere

174 644 464 701 videatur.
549 640 1007 699 Alexandrinus·
1054 629 1408 703 ἑνεδυσαντο
1452 642 1515 701 οἱ
1524 639 1715 723 κριοὶ
1757 639 1874 700 τῶν
1909 637 2252 724 προβατων,
2300 654 2365 701 et
2419 650 2428 678 ·

171 727 490 785 induentur
515 727 742 783 arietes
769 726 979 798 ovium,
1007 736 1073 782 ut
1090 725 1372 804 vulgatus
1404 690 1683 797 reddidit3
1716 726 1904 783 invita
1930 729 2367 787 constructione

172 811 437 870 Hebraea
465 820 524 867 et
557 812 683 866 sine
712 800 992 881 completo
1023 828 1190 867 seusu
1208 851 1226 882 ‚
1272 809 1344 866 ad
1373 829 1541 887 quem
1569 808 1972 889 integrandum
2001 812 2279 870 Arabicus
2306 824 2368 872 et

152 895 545 970 -Aethiopieus
582 897 865 993 interpres
899 895 1118 952 addunt
1149 887 1540 973 pinguedine.
1627 893 1847 970 Syrus:
1891 903 1953 949 et
1996 895 2242 953 induent
2285 916 2363 958 n.

65 1023 74 1030 ι
173 982 346 1037 colles
375 980 506 1058 (Vs.
530 975 657 1056 14)
693 978 948 1057 pinguia
988 997 1285 1056 pecorum.
1367 970 1791 1056 Hieronymus.
1824 980 2155 1035 vestientur
2188 984 2367 1059 agnis

171 1081 402 1141 greges.
484 1075 630 1125 ἿΞ·
652 1075 847 1152 7002:
880 1070 1118 1151 0³77292
1157 1061 1242 1119 Et
1281 1062 1479 1121 valles
1497 1063 1854 1142 operiuntur
1883 1061 2221 1135 frumento,
2263 1068 2369 1124 ab·

173 1150 418 1221 undant,
441 1166 509 1205 ac
537 1129 588 1204 si
615 1130 887 1205 obvoluta
914 1126 1125 1205 amicta
1147 1147 1437 1205 frumento
1469 1158 1674 1206 esseut.
1735 1159 1917 1209 ῚἾὭΒ
1902 1162 2068 1236 ’ἢκ
2105 1155 2366 1212 wwbwn'

170 1231 447 1291 Jubilant
484 1234 775 1308 etiamque
817 1240 1037 1291 canunt
1076 1233 1255 1289 valles
1290 1242 1348 1290 et
1379 1235 1571 1304 colles,
1613 1242 1784 1289 antea
1817 1213 2138 1291 memorati.
2181 1214 2365 1294 Pni-

171 1317 310 1374 cbra
344 1316 708 1394 metaphora,
762 1317 947 1391 qualis
980 1326 1037 1372 et
1070 1313 1182 1373 Jes.
1218 1311 1479 1390 55,12.,
1539 1325 1651 1395 qua
1683 1334 1883 1374 sensus
1915 1318 2221 1377 inanimati
2256 1321 2366 1377 tri-

170 1403 392 1460 buitur.
471 1402 796 1460 Personam
824 1413 1012 1458 autem
1038 1401 1240 1474 jubilis
1265 1412 1322 1461 et
1347 1401 1588 1460 canticis
1616 1420 1790 1475 arva,
1831 1402 1964 1459 aliis
1994 1421 2100 1477 pro
2134 1406 2276 1483 ipsis
2302 1412 2383 1476 et„

171 1488 430 1565 ipsorum
462 1505 633 1545 causa
661 1485 802 1544 haec
831 1487 1272 1563 praestantibus.

1117 1674 1162 1734 Ρ
1181 1625 1234 1734 s.
1296 1675 1398 1735 66.

342 1776 630 1836 Hortatur
666 1788 827 1836 vates
872 1796 1067 1838 omnes
1104 1766 1380 1836 mortales
1418 1778 1489 1835 ad
1524 1772 1636 1835 Dei
1677 1775 1876 1835 landes
1911 1776 2274 1835 celebrandas
2307 1788 2368 1836 et
2430 1793 2431 1796 ’

172 1865 248 1923 ad
295 1863 540 1921 mirifica
590 1865 840 1939 ejusdem
892 1884 1064 1940 opera
1105 1883 1209 1938 pro
1257 1862 1651 1921 Hebraeorum
1693 1865 1895 1924 salute.
1928 1862 2366 1937 consideranda,

137 1950 474 2006 ,occasione
515 1951 634 2022 ejus
659 1949 971 2021 beneficii,
1029 1949 1180 2024 quod
1222 1960 1495 2023 tempore
1514 1950 1717 2023 scripti
1750 1946 1965 2004 Psalmi
2004 1950 2214 2023 populo
2254 1966 2362 2006 suo

171 2045 307 2110 post
345 2035 695 2110 multiplices
739 2045 797 2092 et
838 2036 1002 2112 longi
1042 2034 1314 2107 temporis
1355 2033 1709 2089 calamitates
1755 2041 2047 2102 praestare
2090 2036 2367 2108 coeperit,

174 2137 306 2175 cum
333 2119 732 2175 cessantibus
710 2138 829 2192 Jam
862 2120 1115 2176 omnium
1147 2120 1537 2173 calamitatum
1570 2118 1817 2173 miseriis
1852 2126 1911 2172 et
1936 2134 2027 2172 res
2061 2118 2202 2173 bene
2227 2137 2363 2175 suo-

173 2203 379 2258 eedant
408 2204 470 2258 in
507 2206 863 2279 praesentia,
906 2213 964 2259 et
992 2203 1288 2259 felicitatis
1326 2219 1452 2274 spes
1485 2201 1635 2258 bona
1661 2219 1723 2257 se
1751 2200 2051 2273 ostendat,
2109 2213 2167 2258 et
2198 2205 2364 2277 quasi

172 2285 446 2365 effulgeat
489 2289 552 2344 iu
594 2298 902 2364 posterum.
985 2285 1114 2344 Hoc
1159 2288 1391 2360 upmine
1434 2300 1492 2343 et
1532 2287 1753 2366 gratias
1791 2282 1917 2358 Deo
1962 2288 2119 2364 agit,
2184 2298 2242 2343 et
2288 2288 2363 2347 ad

171 2373 505 2430 societatem
534 2376 620 2431 rei
652 2375 862 2431 invitat
891 2371 948 2431 e't
978 2373 1252 2443 assumit,
1296 2372 1356 2428 in
1388 2371 1866 2448 amplificatione,
1917 2389 2111 2429 omnes
2142 2383 2364 2449 gentes,

173 2459 238 2517 et'
268 2474 464 2532 suam,
521 2461 573 2517 i.
592 2480 639 2517 e.
672 2457 1029 2533 Hebraeum,
1070 2459 1369 2535 imprimis.
1454 2457 2065 2515 Peculiariter'autem
2111 2458 2364 2517 celebrat

170 2547 235 2602 in
275 2541 398 2600 Deo
432 2542 574 2617 hoc,
633 2544 785 2621 quod
824 2564 1043 2620 semper
1081 2544 1438 2601 exaudiverit
1474 2552 1793 2620 precantem
1832 2543 2136 2618 populum,
2195 2560 2364 2617 quem

172 2632 236 2686 in
268 2646 374 2685 sua
412 2648 654 2704 persona
688 2640 845 2695 vates
882 2631 1171 2709 significat
1211 2627 1340 2706 (Vs.
1373 2631 1469 2685 13.
1495 2647 1618 2705 sqq.
1602 2624 1685 2703 .),
1744 2645 1806 2684 se
1834 2629 2178 2699 nominans,
2236 2646 2365 2686 cum

174 2706 455 2788 populum
499 2716 687 2787 dicat,
743 2726 799 2771 et
835 2714 942 2773 hoc
981 2725 1386 2795 argumentum
1420 2713 1614 2769 baberi
1645 2711 1776 2769 vult
1807 2713 2174 2768 innocentiae
2205 2730 2366 2785 suae,

169 2817 309 2856 nam
350 2800 450 2874 qui
477 2801 617 2856 mali
655 2801 961 2876 quidquam
988 2801 1318 2874 concipiant
1351 2800 1546 2854 animo
1570 2814 1720 2869 suo,
1777 2814 1971 2853 eorum
2015 2815 2210 2871 preces
2246 2813 2366 2853 uon

170 2883 445 2941 exaudiri
484 2882 609 2962 (Vs.
641 2881 902 2961 18.19..)
985 2881 1114 2941 Hoc
1148 2893 1339 2939 autem
1370 2883 1607 2938 omnino
1636 2889 1892 2955 apparet,
1932 2880 2004 2936 ad
2040 2881 2185 2936 certi
2219 2889 2366 2936 tem-

41 3028 54 3036 ,
168 2967 339 3045 poris
379 2986 575 3042 preces
615 2967 915 3025 exauditas
962 2979 1019 3024 et
1061 2967 1132 3027 ob
1171 2976 1525 3043 praesentem
1568 2973 1779 3019 statum
1818 2963 2029 3020 bonum
2072 2965 2368 3019 exstitisse

171 3071 337 3123 eam,
396 3071 567 3130 quam
598 3052 860 3110 Psalmus
894 3054 1110 3129 spirat,
1164 3052 1447 3108 laetitiam
1486 3050 1547 3106 in
1589 3055 1848 3105 auctore.
1933 3046 2046 3105 Pro
2078 3045 2365 3103 Davidieo

169 3155 282 3194 nec
312 3147 534 3195 veteres
566 3138 651 3194 illi
682 3135 929 3195 Hebraei
966 3154 1195 3194 carmen
1233 3134 1344 3191 hoc
1377 3133 1647 3192 videntur
1684 3130 1982 3203 habuisse,
2038 3150 2213 3208 quum
2245 3129 2368 3189 Da-

169 3220 330 3276 vidis
367 3239 573 3279 nomen
615 3223 670 3279 ei
711 3241 829 3281 non
870 3221 1360 3298 praescripserint.
1440 3218 1519 3277 Et
1548 3217 1800 3274 ostendit
1831 3236 1923 3275 res
1952 3218 2124 3272 etiam
2155 3235 2254 3290 per
2285 3235 2368 3290 se,

166 3302 462 3364 Davidico
492 3315 747 3382 tempore
776 3306 924 3364 nihil
954 3308 1068 3364 tale
1104 3302 1322 3362 factum
1353 3322 1480 3361 cum
1518 3302 1748 3379 populo.
1834 3302 1994 3360 Satis
2032 3302 2370 3358 verisimilis

169 3398 264 3444 est
295 3387 645 3449 Ruumonm
677 3392 996 3464 sententia,
1022 3392 1297 3467 scriptum
1325 3406 1453 3446 esse
1482 3389 1544 3445 in
1574 3388 1812 3444 laetitia
1824 3387 2142 3442 consecrati
2172 3387 2368 3462 templi

168 3474 432 3531 secundi.
514 3474 663 3534 Nam
696 3477 885 3533 initiis
917 3474 1367 3547 aedificationis,
1428 3491 1572 3549 quae
1607 3490 1663 3528 a
1672 3471 1974 3529 reducibus
2001 3469 2125 3527 lieri
2159 3474 2367 3546 eoepit,

165 3559 367 3615 minus
410 3562 683 3617 convenit
731 3558 871 3617 haec
910 3560 1215 3643 jubilat103
1288 3558 1636 3636 captivitati
1661 3565 1888 3629 autem,
1954 3565 2014 3614 et
2066 3556 2130 3613 in
2180 3552 2367 3614 exilio

166 3640 363 3699 adbuc
403 3641 773 3702 haerentibus
814 3646 996 3702 multo
1034 3646 1244 3701 minus.

346 3752 408 3809 2
491 3746 707 3848 *ιη’ξητπ
747 3757 899 3815 ἰἰἓῦ
949 3759 1104 3833 'wip
1137 3751 1347 3812 Ponite
1388 3750 1641 3830 gloriam
1681 3747 1908 3807 laudem
1947 3745 2101 3823 ejus,
2142 3747 2370 3822 efficite,

165 3849 241 3895 ut
269 3837 482 3916 gloria,
521 3839 644 3895 sive
669 3819 1090 3919 gloriosissima
1125 3840 1203 3895 sit
1230 3839 1358 3895 laus
1387 3839 1531 3911 eJus,
1574 3831 1868 3935 splendide
1894 3833 2081 3892 Deum
2113 3834 2371 3892 coucele-

163 3922 386 3979 brate.
444 3925 566 3982 Bw
605 3940 849 4001 ponere,
894 3932 1288 3981 constructum
1320 3940 1449 3981 cum
1455 3921 1712 4011 gemino
1737 3920 2114 3993 Accusativo‚
2154 3919 2369 3994 exponi

167 4008 355 4064 solet.
416 4009 814 4080 constituere,
860 4008 950 4066 vel
974 4006 1233 4080 facero,
1291 4017 1358 4065 ut
1400 3995 1511 4063 hoc
1550 4006 1628 4062 sit
1670 4004 1843 4078 illud3
1901 4015 1967 4061 ut
1998 4001 2112 4060 Jes.
2146 4001 2369 4068 28,15.

161 4091 476 4168 posuimus
507 4091 862 4150 mendacium
870 4110 1051 4171 spem
1080 4099 1366 4164 nostram,
1396 4091 1434 4148 i.
1454 4109 1501 4146 e.
1525 4089 1953 4161 constituimus,
1975 4098 2045 4149 ut
2072 4106 2164 4145 res
2192 4084 2373 4145 fallax

165 4174 251 4231 sit
277 4193 407 4251 spes
439 4176 534 4233 vel
566 4176 856 4255 refugium
882 4188 1163 4236 nostrum.
1226 4174 1312 4233 cf.
1341 4172 2000 4247 Jo=.7‚19.1’=.4⁰,⁵.
2045 4171 2267 4245 44,14.

340 4286 404 4343 3.
493 4288 713 4374 Ῥιρξζ
762 4288 1085 4371 nnis-2¹17:
1143 4282 1332 4354 Quam
1371 4281 1768 4356 formidabile
1821 4281 1961 4360 quid
2003 4293 2145 4340 sunt
2185 4296 2374 4358 opera
2478 4251 2494 4277 ⁸

161 4367 318 4426 tna!
356 4386 406 4427 ι.
449 4387 622 4447 quam
644 4346 1025 4443 formidabile
1064 4381 1160 4431 est
1193 4368 1635 4448 unumquodque
1676 4385 1920 4449 opernm
1958 4376 2218 4425 morunt.
2213 4364 2231 4400 ¹
2284 4360 2372 4420 Cf.
