2747 4800
1042 269 1165 337 Pe.
1213 288 1332 358 27,
1393 289 1458 336 ι.
2210 271 2355 345 175

136 455 351 525 nibus,
398 449 540 510 ὄειιο
568 453 842 531 precari,
887 469 1037 530 quse
1060 452 1293 530 quidem
1318 453 1677 536 significatio
1709 456 1966 515 omnium
1990 460 2245 519 mimo
2269 473 2361 521 est

138 542 390 599 usitata.
471 536 755 597 Homines
782 555 922 597 vero
955 555 1086 595 cum
1114 537 1253 600 beno
1277 540 1542 618 precari
1574 540 1846 608 dicuutur
1875 538 2027 616 Deo,
2068 546 2192 603 sive
2219 545 2359 604 beno

139 626 210 683 de
252 642 326 681 eo
373 621 609 696 dicero,
670 623 730 681 id
774 625 882 682 vix
923 621 1084 682 aliud
1123 625 1438 702 quidquam
1476 624 1811 705 siguificare
1848 632 2101 704 poterit,
2162 650 2356 731 quam,

138 708 348 768 laudes
390 709 556 766 illius
585 707 989 787 praedicare,
1041 728 1172 767 eum
1209 708 1548 782 celebrare,
1603 713 1799 768 animo
1842 714 2121 793 religioso
2159 727 2218 773 et
2258 719 2356 793 pio

137 797 261 869 ejus
312 794 640 871 potentiam
687 802 748 851 et
792 794 1113 854 bonitatem
1155 793 1392 869 efferre,
1452 796 1677 875 gratias
1721 813 1933 885 agere,
1988 801 2073 858 ita
2114 798 2173 860 h.
2212 803 2254 860 1.
2299 810 2360 859 et

138 880 380 954 Palo,
413 881 472 936 7.
516 879 624 953 28,
655 880 716 937 6.
766 880 999 953 103,.1

1102 1047 1152 1109 Ρ
1169 1064 1227 1108 s.
1285 1050 1390 1109 27.

313 1166 399 1226 Et
428 1163 529 1223 hic
560 1163 844 1265 psalmus,
883 1174 953 1222 ut
984 1164 1085 1223 26.
1071 1207 1110 1239 .,
1147 1183 1344 1243 preces
1376 1165 1639 1224 continet
1669 1168 1752 1243 pii
1784 1167 1846 1226 in
1877 1169 2133 1245 periculo
2163 1173 2359 1248 aliquo

141 1254 372 1355 insigni
412 1252 757 1323 constituti,
815 1252 878 1307 in
920 1270 1033 1327 quo
1078 1269 1139 1308 se
1182 1251 1584 1308 recordatione
1623 1251 1809 1308 divini
1848 1257 2118 1329 promissi
2157 1268 2361 1315 contra

142 1331 490 1419 ingruentia
533 1337 707 1393 mala
724 1335 1036 1411 plurimum
1078 1338 1332 1407 animat,
1375 1337 1795 1412 victoriamque
1840 1338 1909 1395 de
1947 1337 2245 1414 hostibus,
2302 1353 2361 1399 et

141 1423 528 1498 tranquillam
572 1422 635 1477 in
673 1419 979 1497 religionis
1018 1419 1228 1477 studiis
1268 1422 1482 1492 vitam,
1534 1421 1646 1476 sibi
1676 1421 2004 1496 pollicitus,
2046 1423 2115 1480 de
2148 1425 2365 1483 celebri

141 1510 472 1587 gratiarum
502 1507 737 1562 actione
764 1514 963 1562 votum
997 1514 1315 1582 nuncupat,
1357 1507 1555 1581 sicque
1584 1507 1804 1581 optima
1835 1523 1937 1579 spe
1966 1508 2363 1582 confirmatus,

142 1612 309 1668 opem
355 1588 475 1647 Dei
523 1591 828 1666 implorat,
887 1587 1193 1665 docerique
1243 1609 1304 1648 se
1348 1592 1531 1648 vitam
1577 1587 1757 1647 Jovae
1801 1601 2032 1670 gratam
2075 1604 2364 1670 precatus,

140 1679 358 1735 iterum
391 1675 469 1733 ad
497 1672 789 1733 fidendum
814 1671 1047 1732 fortiter
1073 1673 1200 1732 Deo
1227 1685 1407 1733 semet
1437 1676 1623 1751 ipsum
1652 1673 1947 1734 hortatur.

317 1782 514 1849 Quum
557 1773 780 1835 Davidi
826 1774 1048 1833 tribuat
1091 1777 1405 1851 inscriptio
1453 1776 1778 1852 Psalmum,
1841 1788 2160 1856 quaerunt,
2220 1798 2362 1840 num

142 1866 506 1943 periculum,
551 1863 626 1921 de
664 1877 780 1936 quo
812 1859 913 1916 Vs.
948 1862 1007 1917 2.
1044 1869 1105 1917 et
1142 1861 1205 1918 3.
1245 1863 1602 1938 loquuntur,
1649 1881 1685 1920 a
1720 1863 1930 1935 Saule,
1989 1883 2067 1921 an
2104 1882 2244 1924 vero
2286 1867 2360 1924 ab

142 1951 370 2008 exteris
401 1948 690 2017 hostibus,
728 1963 806 2001 an
837 1935 1084 2021 denique
1105 1945 1185 2028 pb
1214 1945 1524 2005 Absalomo
1558 1944 1777 2007 fuerit?
1861 1947 2119 2006 Graecus
2151 1950 2362 2007 titulus

139 2034 366 2093 Psalmi
408 2031 618 2105 habet,
666 2031 949 2106 scriptum
991 2047 1115 2086 esse
1153 2048 1189 2086 s
1224 2028 1489 2103 Davide,
1549 2042 1857 2108 antequam
1898 2051 2005 2090 rex
2047 2046 2366 2113 ungeretur

141 2116 300 2198 (πρὸ
343 2118 460 2181 τοῦ
493 2110 888 2199 χρησθῆναι).
975 2114 1137 2181 Quae
1181 2116 1488 2191 inscriptio
1533 2115 1604 2173 de
1646 2117 1754 2174 illa
1797 2118 2026 2193 privata
2064 2120 2365 2192 unctione,

142 2223 260 2282 qus
305 2205 374 2260 in
417 2203 591 2260 domo
628 2202 813 2278 putris
859 2200 986 2272 sui,
1042 2207 1101 2256 et
1135 2201 1293 2257 inter
1320 2197 1533 2258 fratres
1558 2219 1729 2274 suos,
1773 2201 1952 2261 Saule
1984 2201 2171 2261 adhuc
2204 2205 2364 2277 vivo,

141 2290 244 2347 sed
281 2290 412 2363 jam
454 2305 490 2343 s
528 2281 684 2345 Jovs
722 2286 970 2359 rejecto,
1012 2302 1048 2341 a
1085 2281 1386 2357 Samuele,
1428 2285 1702 2344 mandato
1737 2284 1976 2359 divino,
2014 2305 2121 2345 rex
2153 2298 2364 2346 unctus

140 2373 260 2431 fuit
299 2371 363 2451 (l
391 2371 553 2433 Sam.
597 2372 694 2431 16.
702 2367 770 2452 ),
813 2370 882 2429 de
915 2367 1024 2426 hac
1057 2370 1244 2450 igitur
1275 2371 1550 2428 unctione
1582 2373 1765 2449 accipi
1796 2359 2019 2431 Graeca
2053 2373 2364 2449 inscriptio

142 2478 337 2536 neque
376 2467 604 2535 potest,
667 2474 853 2532 neque
896 2453 1081 2512 debet.
1164 2452 1330 2514 Nihil
1376 2457 1530 2512 enim
1573 2456 1761 2514 adhuc
1802 2460 2188 2533 periculorum
2241 2469 2365 2516 tum

144 2545 382 2620 quidem
427 2543 499 2599 ab
538 2541 838 2612 hostibus,
896 2555 1079 2615 neque
1117 2558 1152 2597 a
1192 2538 1405 2612 Saule,
1443 2559 1627 2617 neque
1655 2541 1824 2614 aliis,
1866 2541 2057 2600 David
2090 2551 2364 2614 expertus

144 2639 291 2685 erat.
378 2625 473 2684 De
501 2628 684 2684 altera
713 2626 899 2703 igitur
931 2625 1228 2693 unctione,
1271 2624 1390 2696 vel,
1431 2634 1498 2681 ut
1526 2634 1795 2683 accurate
1820 2628 2145 2703 loquamur,
2186 2628 2364 2684 tertia

143 2713 267 2783 illa,
313 2710 786 2785 interpretandus
817 2710 931 2764 erit
964 2706 1221 2766 Graecus
1254 2709 1488 2776 titulus,
1537 2727 1652 2784 qua
1684 2710 1930 2782 publice,
1970 2713 2124 2768 sicut
2156 2719 2364 2767 octavo

143 2813 305 2850 anno
337 2802 510 2864 ante,
550 2790 821 2848 Hebrone
851 2788 977 2847 Rex
1004 2786 1220 2861 Iudae,
1258 2792 1342 2846 ita
1373 2800 1498 2847 tum
1531 2794 1788 2849 omnium
1822 2793 2079 2850 tribuum
2110 2790 2366 2867 Israelis,

143 2876 654 2934 consentientibus
681 2874 1015 2945 sententiis,
1057 2893 1162 2931 rex
1200 2882 1449 2945 unctus,
1492 2888 1721 2932 creatus
1759 2885 1818 2932 et
1847 2876 2222 2933 renunciatus
2251 2873 2369 2934 fuit

145 2962 216 3038 (2
233 2963 402 3030 Sam.
437 2959 495 3018 5.
504 2957 551 3037 ).
639 2961 826 3034 Atque
858 2960 944 3015 ita
973 2954 1340 3016 §aulicarum
1377 2958 1823 3016 insectationum
1859 2958 2211 3035 temporibus
2242 2958 2369 3016 edi-

145 3060 238 3103 tus
274 3047 478 3121 putari
510 3046 701 3124 possit
729 3041 1011 3113 Psalmus,
1056 3044 1265 3117 quibus
1295 3052 1354 3099 et
1384 3060 1701 3121 congruere
1732 3044 1941 3133 volunt
1968 3043 2207 3100 Versum
2246 3045 2368 3118 10.,

146 3151 263 3209 quo
299 3130 648 3207 parentibus
683 3146 745 3184 se
780 3128 983 3184 orbum
1013 3128 1310 3202 queritur,
1353 3145 1461 3183 nec
1497 3144 1618 3184 non
1653 3100 1897 3185 Versum
1929 3129 2024 3188 12.
2009 3167 2058 3203 .,
2115 3145 2228 3202 quo
2269 3145 2368 3183 ca·-

147 3218 582 3273 lumniatorum
635 3214 986 3270 mentionem
1036 3211 1202 3270 facit.
1290 3211 1564 3269 Attamen
1609 3211 1765 3288 quod
1826 3230 1889 3269 se
1939 3230 1975 3269 a
2031 3198 2368 3287 parentibus

144 3301 495 3357 derelictum
527 3300 795 3374 queritur
825 3304 1025 3367 vates,
1062 3314 1421 3373 nequaquam
1451 3296 1525 3353 ad
1556 3296 1937 3354 definiendum
1964 3305 2210 3371 tempus,
2251 3314 2368 3371 quo

146 3384 373 3441 factum
407 3384 491 3438 sit
525 3400 775 3453 carmen,
815 3380 1126 3457 quidquam
1156 3380 1369 3455 facere,
1405 3379 1480 3438 ad
1506 3378 1603 3437 Vs.
1633 3383 1728 3441 10.
1756 3381 2097 3439 videbimus.
2152 3377 2371 3438 Preces

143 3487 289 3526 vero
331 3468 617 3525 adversus
650 3466 1097 3524 calumniatores
1136 3467 1527 3545 generaliores
1563 3478 1736 3540 sunt,
1776 3484 1948 3542 quam
1989 3475 2052 3521 ut
2076 3460 2155 3522 ad
2186 3463 2372 3522 Davi-

145 3555 275 3610 dem
330 3569 439 3609 eos
481 3552 764 3630 restringi
808 3567 1038 3607 necesse
1081 3552 1177 3607 sit.
1260 3552 1456 3619 Quare
1498 3551 1564 3607 in
1602 3552 1938 3609 universum
1981 3547 2094 3607 hoc
2131 3542 2371 3611 Psalmo

143 3636 453 3694 bominem
485 3632 683 3692 studio
715 3637 904 3691 cultus
934 3632 1120 3691 divini
1151 3634 1445 3694 ardentem
1484 3645 1541 3691 et
1580 3653 1775 3692 amore
1804 3632 1917 3692 Dei
1952 3636 2215 3735 plenum,
2271 3632 2372 3691 sed

141 3723 218 3778 ab
254 3721 463 3797 impiis
498 3720 874 3820 populari-bus
905 3722 1302 3796 exagitatum,
1343 3720 1542 3779 induci
1572 3719 1828 3801 arbitor,
1871 3723 1971 3797 qui
2006 3738 2065 3777 se
2101 3717 2375 3776 recorda·-

145 3810 316 3863 tione
356 3804 555 3861 divini
591 3805 860 3880 promissi
899 3814 1104 3863 contra
1140 3806 1482 3886 ingruentia
1508 3806 1662 3863 mala
1693 3806 1947 3878 animat,
1998 3814 2058 3863 et
2089 3801 2163 3862 ad
2191 3802 2377 3867 fidon-2

145 3888 290 3948 dum
324 3889 570 3948 fortiter
603 3887 731 3947 Deo
764 3897 944 3947 semet
973 3890 1159 3964 ipsum
1189 3890 1484 3979 hortatur.

332 4008 420 4063 1.·
479 4003 736 4064 Exhibet
772 4024 871 4076 se,
931 4013 1206 4085 tanquam
1241 4009 1363 4082 jam
1398 4026 1592 4067 secum
1623 4005 2084 4087 magnitudinem
2115 4001 2381 4081 periculi,

148 4093 212 4148 3¹¹
250 4111 374 4168 *1¹¹⁰
406 4099 561 4163 erat,
602 4091 1086 4166 msiderantem,
1128 4104 1186 4151 et
1213 4094 1412 4151 statim
1440 4093 1903 4151 consideratione
1929 4090 2126 4162 Jovae,
2168 4088 2231 4145 iu
2263 4104 2380 4161 quo

146 4194 384 4234 omnem
420 4194 581 4252 spem
606 4178 1026 4251 collocaverat,
1071 4178 1352 4255 quidquid
1386 4178 1447 4237 id
1478 4188 1624 4252 erat,
1662 4177 1979 4255 fortissime
2008 4174 2383 4232 contemnen-

147 4272 306 4334 tem,
366 4262 731 4339 salutemque
769 4261 883 4319 sibi
927 4265 1247 4322 certissime
1287 4265 1743 4340 promittentem.
1827 4263 1977 4342 *2²1⁸
2021 4259 2182 4351 ἐἶ’-ιζ
2235 4255 2387 4311 lova

145 4344 256 4403 ²¹¹³
292 4364 465 4420 'was
502 4344 651 4406 Jova
683 4354 775 4425 est
809 4346 946 4421 ille,
987 4352 1151 4426 cujus
1178 4348 1357 4409 ductu
1386 4348 1730 4429 diriguntur
1758 4362 1956 4406 omnes
1984 4358 2217 4422 gressus
2255 4341 2392 4408 mex,
