2747 4800
1092 277 1216 347 Pe.
1263 278 1379 363 52,
1433 299 1498 347 2.
2251 278 2398 355 341

197 453 437 528 oblatis,
497 471 645 534 quse
686 455 836 516 nihil
873 455 1091 522 habent
1133 473 1366 540 praeter
1406 464 1645 529 inanem
1675 483 1961 544 pompam,
2039 463 2394 544 Quod'dicit
2476 428 2521 462 ’ἱ

194 549 353 605 vates
384 535 568 633 &13:12
613 538 802 629 ηξῆεσ,
842 543 996 602 idem
1027 549 1302 623 geminat,
1348 567 1483 608 nam
1511 547 1938 629 holocaustum,
1969 547 2159 639 rrbv'm,
2201 556 2391 630 ipsum
2486 613 2497 620 ,
2529 610 2543 623 ,

194 635 318 681 erat
355 609 533 707 §1⁹:35
549 630 870 705 integrum,
911 628 966 690 h.
996 650 1048 690 e.
1078 641 1261 690 totum
1291 634 1674 709 cremabatur,
1714 636 1791 695 cf.
1823 647 1948 699 not.
1981 640 2056 699 ad
2086 637 2180 696 Ρη.
2206 637 2314 710 50,
2331 639 2390 696 9.

97 761 103 772 ,
189 695 297 770 '727
335 692 594 799 ”bal—'²²2
632 711 801 771 Tunc
827 714 1133 793 ‘imponent
1173 715 1551 794 (sacerdotes,
1597 737 1767 798 quam
1797 740 1997 781 vocem
2027 722 2192 781 addit
2213 720 2417 781 Chal-¹

190 792 393 875 daeus)
431 794 621 854 altari
652 806 756 855 tuo
788 795 978 858 boves.
1040 798 1129 858 De
1160 804 1393 860 nomine
1418 813 1512 892 un„
1540 805 1658 864 vid.
1688 815 1812 878 not.
1837 806 1913 867 ad
1941 806 2039 866 Pa.
2069 806 2289 882 22,13.

1143 986 1258 1048 Pa.
1314 987 1418 1048 52.

351 1099 652 1162 Invehitur
682 1104 746 1162 in
777 1100 1066 1162 hominem
1095 1106 1459 1182 sceleratum,
1495 1110 1594 1186 qui
1621 1112 1818 1171 dolose
1846 1113 2000 1191 fictis
2029 1078 2383 1173 carniinibds

187 1186 523 1250 innocentes
556 1187 816 1247 homines
851 1188 1063 1246 detulit
1091 1190 1487 1269 perdiditque,
1534 1197 1731 1274 illique
1761 1200 2002 1257 exitium
2036 1200 2380 1272 denunciat3

182 1273 354 1329 simul
385 1283 576 1330 autem
612 1275 1098 1347 comparationem
1127 1275 1571 1338 instituit.inter
1597 1281 1792 1339 studia
1822 1292 1882 1340 et
1909 1302 2133 1356 mores,
2185 1301 2280 1339 res
2319 1293 2377 1341 et

180 1372 325 1432 spes,
365 1359 592 1432 piorum
626 1367 798 1434 atque
829 1360 1160 1431 impiorum,
1199 1357 1303 1417 hos
1334 1367 1617 1437 potentia,
1661 1375 1719 1423 et
1750 1367 2030 1425 violentia
2058 1378 2115 1427 et
2147 1367 2374 1443 opibus,

178 1441 591 1518 praesidiisque
622 1440 909 1516 humanis,
955 1444 1087 1500 illos
1118 1445 1244 1499 solo
1270 1442 1398 1503 Deo
1429 1450 1540 1506 niti
1572 1469 1640 1507 ac
1669 1448 1860 1528 fidere.

254 1569 262 1580 .
348 1526 659 1601 Inscriptio
702 1526 981 1601 hebraea,
1040 1527 1137 1587 Vs.
1170 1529 1230 1586 2.
1276 1534 1673 1607 praescripta,
1737 1534 2023 1593 nefarium
2058 1533 2373 1607 bominem,

175 1611 269 1690 qui
299 1611 417 1669 hoc
447 1609 676 1669 Psalmo
709 1614 1145 1691 perstringitur,
1183 1614 1443 1689 perhibet
1469 1636 1592 1676 esse
1623 1616 1927 1699 Doegum,
1966 1621 2067 1703 qui
2093 1617 2372 1697 ,efferebat

173 1715 262 1766 se,
301 1708 366 1754 et
398 1698 561 1771 quasi
596 1695 1020 1769 triumphabat,
1061 1698 1215 1773 quod
1247 1699 1597 1772 prodidisset
1630 1714 1802 1782 atque
1832 1705 2082 1766 interfici
2114 1715 2375 1778 curasset

171 1781 497 1841 sacerdotes
539 1784 670 1840 illos
715 1792 845 1839 octo
892 1783 1352 1861 quinquaginta,
1419 1790 1520 1862 qui
1571 1790 1921 1865 recepissent
1967 1787 2251 1846 Davidem
2305 1790 2371 1847 in

167 1865 340 1946 fuga,
410 1866 478 1923 de
520 1886 635 1943 quo
673 1867 840 1941 plura
884 1868 957 1925 ad
999 1867 1092 1926 Vs.
1125 1870 1186 1925 2.
1277 1868 1399 1926 Nec
1439 1873 1807 1949 inscriptioni
1849 1871 2159 1944 hebraeae,
2222 1890 2371 1951 quae

164 1953 532 2029 antiquitatis
564 1951 967 2010 auctoritatem
1000 1950 1202 2023 habet,
1254 1953 1394 2011 fides
1430 1955 1765 2035 deneganda
1791 1956 2041 2016 videtur.
2121 1957 2235 2015 Per
2270 1966 2368 2015 to-

165 2045 278 2093 tum
307 2038 468 2094 enim
502 2036 790 2095 Psalmum
817 2037 1111 2111 improbus
1145 2034 1493 2097 describitur
1521 2041 1680 2113 talis,
1720 2043 1818 2118 qui
1854 2041 2175 2113 deferendo
2216 2039 2366 2100 alios

163 2139 388 2196 pessum
417 2120 597 2191 dedit,
630 2124 783 2199 quod
809 2123 1046 2200 egregie
1070 2124 1339 2198 competit
1369 2121 1599 2204 Doego,
1628 2128 1728 2200 qui
1760 2127 1875 2183 nisi
1902 2124 2365 2187 Achimelecluun

161 2203 461 2262 detulisset
491 2206 564 2264 ad
597 2203 868 2281 Saulum,
915 2207 963 2261 is
999 2225 1102 2263 nec
1138 2207 1428 2264 trucidare
1462 2210 1787 2285 pontificem
1819 2210 2105 2284 jussisset.
2175 2209 2364 2287 Atque

160 2285 264 2346 boc
293 2290 525 2363 ipsum,
565 2292 715 2368 quod
754 2293 1045 2354 accusatio
1072 2309 1106 2347 a
1131 2285 1335 2370 Doego
1367 2291 1555 2363 facta,
1599 2297 1771 2354 unica
1802 2303 1954 2351 esset
1981 2312 2184 2354 caussa
2218 2294 2362 2356 hot-

159 2375 369 2433 rendac
414 2375 578 2433 illius
619 2376 843 2451 caedis,
871 2376 1184 2454 permovit
1223 2375 1378 2435 haud
1423 2376 1594 2435 dubie
1638 2377 1913 2438 hebraeae
1955 2381 2359 2454 inscriptionis

159 2472 489 2532 auctorem,
530 2464 701 2519 talem
734 2463 899 2523 illam
939 2464 1162 2536 facere,
1210 2463 1434 2541 qualem
1465 2481 1593 2522 eam
1630 2465 1912 2545 legimus,
1955 2482 2140 2541 neque
2172 2466 2357 2544 igitur
2472 2524 2479 2531 ,

160 2556 275 2618 est,
314 2564 428 2603 cur
465 2546 623 2604 illam
663 2549 1066 2633 vituperemus.

316 2663 388 2719 2.
449 2660 641 2736 Quum
677 2665 937 2721 venisset
969 2662 1160 2743 Doeg,
1205 2661 1546 2738 Idumaeas,
1583 2664 1668 2723 ad
1693 2662 1954 2741 Saslum,
1998 2665 2168 2747 eiquo
2203 2685 2354 2724 κυη-
2404 2650 2417 2665 *

156 2743 398 2818 ciasset,
435 2749 663 2813 venisse
688 2747 979 2808 Davidem
1006 2749 1089 2807 ad
1114 2750 1340 2809 domum
1366 2747 1750 2808 Achimeleclo.
1825 2749 2092 2809 Historia
2122 2753 2355 2826 copiose

156 2828 502 2890 describitur
544 2833 748 2895 lSam.
776 2835 879 2890 21.
913 2848 971 2893 et
998 2836 1100 2899 22.
1174 2832 1385 2905 David,
1419 2832 1585 2893 Sauli
1615 2835 1733 2891 vim
1763 2834 2017 2915 fugiens,
2056 2837 2119 2892 in
2152 2837 2348 2892 urbem

153 2910 392 2988 Noben,
436 2917 507 2976 ad
545 2916 1039 2991 Achimelccbum,
1081 2917 1447 2995 pontificem,
1488 2934 1549 2975 se
1580 2921 1830 2994 recepit,
1870 2920 2137 2998 quicum
2171 2919 2350 2975 armis
2466 2922 2469 2927 ’

154 3008 208 3057 et
237 3011 557 3059 commeatu
595 3003 901 3075 instruxit,
944 3007 1183 3083 ignarus
1217 3002 1690 3074 inimicitiarum,
1731 3020 1881 3081 quae
1906 3005 2062 3061 inter
2087 3004 2250 3059 illum
2285 3012 2346 3059 ct

152 3103 337 3165 regem
400 3088 849 3146 intercedebant.
935 3089 1074 3145 lnde
1121 3086 1402 3158 eatbam,
1478 3085 1551 3143 ad
1599 3105 1795 3164 regem
1835 3086 2345 3160 Philisthaeorum‚

151 3172 448 3249 confugit3
493 3183 550 3228 et
578 3191 751 3249 quum
780 3191 885 3229 nec
914 3173 991 3230 ibi
1021 3175 1164 3229 satis
1195 3192 1257 3229 se
1290 3181 1484 3229 tutum
1511 3170 1752 3244 videret,
1791 3182 1935 3236 mox·
1963 3173 2025 3228 in
2055 3173 2345 3247 spelunca,

150 3257 379 3313 nomine
413 3255 710 3329 Adullam,
752 3277 891 3319 mox
923 3259 982 3313 in
1018 3259 1217 3336 sylva,
1260 3258 1355 3313 cui
1395 3273 1605 3314 nomen
1637 3266 1763 3313 crat
1791 3255 2046 3325 Hareth,
2091 3255 2347 3316 delituit,

151 3339 333 3406 Quum
367 3344 454 3403 ita
490 3338 602 3398 buc
630 3344 767 3399 illuc
798 3354 1089 3413 cursaret,
1148 3342 1291 3401 Saus
1322 3360 1396 3401 ex
1428 3341 1622 3416 aliquo
1648 3359 1876 3399 rumore
1908 3340 2150 3414 didicit,
2208 3356 2341 3397 eum

149 3424 208 3480 in
249 3427 385 3483 istis
419 3428 768 3503 regionibus
793 3429 982 3484 visum
1022 3426 1216 3484 fuisse.
1300 3425 1544 3497 Verum,
1601 3425 1745 3505 quia,
1771 3443 1971 3483 rumor
2004 3424 2117 3481 iste
2146 3424 2374 3500 paullo‘

149 3508 442 3568 confusior
473 3521 618 3584 erat,
661 3524 719 3568 et
753 3513 976 3570 incerto
1010 3521 1268 3579 auctore,
1316 3529 1422 3567 nec
1451 3528 1649 3567 eorum
1681 3511 1983 3586 quisquam
2010 3526 2154 3584 quos
2183 3510 2340 3565 circa

148 3608 207 3649 sc
237 3594 518 3668 habebat,
561 3597 867 3673 quidquam
904 3598 991 3655 illi
1025 3595 1094 3652 de
1122 3596 1346 3655 Davide
1383 3594 1601 3671 liquido
1632 3593 1948 3666 referebat,
1991 3594 2151 3668 cujus
2184 3594 2340 3649 ullus

150 3693 279 3736 usus
310 3693 462 3738 esset
488 3680 561 3738 ad
592 3683 837 3739 consilia
866 3681 1160 3757 capienda,
1193 3689 1476 3739 venerunt
1503 3681 1565 3735 in
1594 3679 1981 3754 suspicionem·
2002 3679 2151 3753 apud
2184 3680 2365 3751 eum,¹

149 3766 303 3837 quasi
336 3775 554 3822 arcana
580 3768 986 3839 conjuratione
1011 3785 1140 3822 cum
1171 3786 1272 3838 eo,
1316 3775 1376 3822 et
1407 3783 1533 3822 cam
1562 3761 1906 3835 Jonathane,
1947 3761 2115 3821 Sauli
2151 3763 2335 3839 ipsius

149 3843 296 3921 filio,
339 3849 529 3919 facta,
578 3849 892 3929 fugitivum
921 3853 1083 3907 illum
1114 3851 1188 3908 ad
1218 3868 1462 3929 regnum
1494 3847 1729 3907 evehere
1766 3846 2168 3904 decrevissent.
2253 3843 2334 3902 Ut

149 3947 265 3989 eam
297 3937 683 4009 suspicionem
722 3953 758 3991 a
786 3954 847 3991 se
875 3936 1247 4005 amoliretur,
1304 3944 1364 3990 et
1389 3936 1639 4012 gratiam
1672 3933 1920 4007 aliquam
1958 3934 2110 4008 apud
2139 3947 2369 4010 regem»,

150 4014 316 4073 iniret
353 4016 622 4098 Defigus,
661 4028 961 4095 pastorum
1001 4020 1298 4099 reg-iorum
1336 4020 1637 4094 princeps,
1681 4018 1780 4092 qui
1816 4028 1943 4074 erat
1972 4016 2179 4088 Nobi,-
2199 4031 2331 4073 cum

146 4092 336 4157 David
368 4103 505 4160 illuc
534 4104 871 4175 transierat,
913 4105 1036 4183 regi
1070 4103 1456 4172 renunciavit,
1501 4101 1645 4177 quid
1670 4109 1793 4159 tum
1827 4101 1898 4159 ab
1930 4098 2367 4172 Achimelecbo„

147 4178 352 4242 factum
379 4197 549 4260 esset,
586 4190 772 4246 multa
799 4186 952 4246 baud
980 4187 1173 4258 dubie,
1208 4188 1530 4244 aulicorum
1557 4205 1738 4259 more,
1771 4187 2007 4261 insuper
2034 4184 2333 4267 affingens.

145 4260 232 4323 Ex
261 4287 377 4346 quo
401 4269 706 4331 horribiles
735 4273 1066 4354 tragoediae
1095 4278 1481 4348 consequutae
1509 4279 1668 4329 sunt.
1752 4269 1969 4330 Statim
1997 4258 2151 4328 enim
2175 4270 2331 4329 Sau-

142 4347 261 4426 lus,
306 4352 674 4419 vehementer
699 4356 1100 4435 Achimelecho
1135 4357 1407 4418 incensus
1422 4396 1444 4429 ,
1492 4372 1622 4417 eum
1654 4372 1787 4416 cum
1825 4361 1955 4413 tota
1982 4356 2335 4436 cognatione
2402 4430 2407 4437 ι
