2747 4800
368 314 376 350 '
613 260 634 284 Ι
845 339 858 392 4
971 329 1132 399 ¹1⁰³.
1195 328 1356 415 141,
1419 326 1590 395 23.
1857 383 1861 392 ,
2250 323 2399 399 687
2490 313 2497 320 ⁷

200 513 451 572 historia
480 507 566 571 sic
594 522 681 571 est
698 552 717 585 ,
773 521 842 572 ut
871 515 1044 573 initio
1071 513 1376 574 blanditiis
1408 511 1760 573 assentarint
1786 509 2069 574 Davidem
2095 512 2411 580 Moabitae.-

203 611 263 657 et
296 617 450 675 spem
486 602 539 655 ei
570 600 814 657 fecerint
845 604 1228 677 praemiorum
1255 611 1315 659 et
1343 597 1678 682 dignitatis,
1739 610 1807 657 ut
1836 618 1973 660 suae
1996 619 2131 658 ¹eum
2161 603 2405 659 idolola-

113 721 116 722 ν
204 687 354 742 triae
385 685 796 758 conciliarent,
855 697 1053 761 postea
1082 703 1260 758 vero,
1316 703 1493 790 quum
1527 684 1680 743 nihil
1711 683 1783 743 ad
1812 703 1941 742 eum
1975 685 2188 743 talibus
2232 685 2406 762 profi-

202 778 436 840 cerent,
502 769 815 827 insultasse
865 772 1072 847 pietati
1117 774 1273 845 ejus,
1323 781 1589 852 eumque
1631 768 1781 826 odiis
1826 779 1887 827 et
1936 770 2409 829 insectationibus

201 861 600 929 persequutos
613 853 808 912 fuisse.
894 855 997 913 Sic
1034 864 1228 913 autem
1263 863 1423 932 petet‘
1453 875 1488 913 a
1519 853 1647 913 Deo
1689 855 1827 928 duo,
1867 856 2135 930 primum,
2172 873 2251 913 ne
2277 874 2409 912 cor-

195 947 505 1014 rumpatur
532 939 643 995 ab
623 942 818 1014 impiis
838 937 1104 997 hostibus
1132 941 1276 1013 suis,
1304 942 1443 998 ullis
1463 938 1749 998 illecebris
1772 948 1831 996 et
1853 939 2154 998 blanditiis
2180 938 2409 1011 borum,

199 1027 348 1079 neve
384 1022 539 1080 dicat
570 1032 672 1079 aut
706 1024 884 1081 faciat
918 1025 1138 1100 aliquid
1170 1025 1325 1102 quod
1358 1023 1451 1083 illi
1484 1034 1796 1100 expetunt,
1857 1033 2028 1100 atque
2059 1026 2295 1082 omnino
2336 1041 2410 1081 ne

195 1107 340 1182 quid
379 1124 508 1163 cum
541 1104 631 1163 his
669 1127 970 1166 commune
1002 1108 1246 1182 babeat,
1304 1111 1430 1166 ulla
1461 1111 1523 1167 in
1556 1128 1619 1168 re
1652 1128 1779 1166 cum
1808 1109 1882 1166 iis
1911 1109 2412 1181 communicando,

195 1192 262 1262 in
293 1210 407 1267 quo
436 1202 494 1248 et
523 1195 936 1272 castigationes
964 1196 1249 1252 bonorum
1274 1196 1533 1266 invocat,
1563 1193 1768 1270 quibus
1803 1194 1873 1251 ab
1899 1191 1989 1250 his
2019 1192 2411 1264 abstrahatur,

138 1329 144 1337 .
194 1277 421 1350 qualem
452 1294 486 1332 a
515 1277 682 1334 Gado
714 1280 1034 1356 percepisse
1061 1280 1290 1338 videtur
1307 1275 1631 1355 Mispahico
1654 1287 1908 1355 tempore
1936 1275 1992 1354 (1
2018 1276 2174 1336 Sam.
2190 1278 2293 1349 22,
2311 1274 2411 1357 5.).

195 1358 443 1432 Postea,
495 1371 563 1418 ut
601 1359 879 1420 liberetur
916 1365 1092 1420 etiam
1131 1363 1202 1421 ab
1241 1366 1360 1421 isto
1402 1381 1647 1443 genere,
1701 1371 1760 1419 et
1797 1361 2067 1440 periculis
2109 1364 2411 1437 eripiatur,

199 1461 345 1521 quae
391 1447 446 1502 ei
491 1455 801 1504 struuntur
842 1447 913 1505 ab
960 1448 1191 1507 insidiis
1238 1447 1444 1538 huJus,
1508 1459 1568 1506 et
1609 1448 1810 1506 salvus
1857 1449 1929 1505 ab
1974 1445 2085 1504 hoc
2122 1446 2413 1505 discedere

194 1531 559 1609 migrareque
599 1541 816 1603 posset.
824 1533 869 1567 ⁰⁶

368 1658 429 1714 2.
514 1629 668 1715 Ante
718 1637 961 1717 nomina
1009 1661 1197 1747 η’·ιῑιῖ
1257 1669 1316 1716 et
1349 1665 1750 1751 ἙἿξ-Πῃῦζ
1798 1621 2246 1740 intelligendum
2291 1678 2416 1718 esse

195 1743 650 1818 comparationis
685 1753 905 1814 notam,
941 1751 1019 1815 2,
1049 1754 1117 1801 ut
1151 1691 1251 1815 il,
1274 1745 1329 1800 l.
1364 1725 1470 1815 68,
1466 1723 1589 1802 ''.14
1618 1755 1678 1801 et
1706 1764 1877 1820 saepe
1904 1744 2076 1816 alias,
2103 1762 2198 1801 res
2226 1744 2416 1819 docet,

193 1837 255 1884 et
282 1828 567 1901 expressit
594 1827 753 1883 illam
782 1826 1125 1900 Chaldaeus,
1151 1830 1251 1905 qui
1280 1827 1436 1886 hunc
1466 1828 1511 1886 V
1514 1847 1559 1885 s
1585 1830 1730 1888 bene
1757 1828 2040 1887 reddidit:
2081 1827 2417 1905 dirigatur,

194 1909 561 1984 disponatur,
603 1912 807 1968 oratio
838 1930 966 1973 mea
1003 1913 1167 1970 sicut
1201 1908 1445 1995 suffitus
1481 1921 1816 1992 aromatum
1850 1931 2055 1969 coram
2092 1922 2188 1987 te,·
2232 1913 2416 1970 elatio

194 2013 469 2052 manuum
529 2012 790 2050 mearum
850 1996 914 2051 in
974 1997 1248 2053 oratione
1308 1998 1389 2053 sit
1448 1998 1654 2054 instar
1712 1997 2033 2055 oblationis
2087 1995 2417 2068 jucundae,

101 2109 106 2114 ·
196 2098 348 2156 quae
389 2079 628 2156 vesperi
673 2079 952 2154 offertur.
1040 2080 1312 2138 Verbum
1345 2083 1505 2161 ᾔει-ι
1556 2082 1745 2155 aliqui
1789 2081 2105 2155 dirigatur
2149 2088 2413 2150 vertunt,

196 2173 256 2222 et
285 2163 630 2237 simpliciter
660 2162 729 2218 (le
766 2163 985 2220 directo
1019 2181 1295 2234 ascensu,
1339 2172 1615 2239 tanquam
1646 2156 2083 2240 θυμιάματος,
2128 2163 2414 2238 interpre-

199 2255 421 2319 tantur,
461 2246 572 2303 hoc
601 2264 806 2303 sensu.
857 2248 1079 2326 largire
1106 2265 1434 2305 successum
1463 2246 1618 2305 hunc
1645 2250 1900 2306 orationi
1931 2266 2124 2318 meae,
2166 2256 2233 2303 ut
2257 2256 2414 2304 recta

198 2331 270 2389 ad
308 2342 363 2388 te
404 2330 712 2402 ascendat,
765 2341 825 2389 et
858 2332 1159 2429 perveniat
1191 2340 1466 2407 tanquam
1499 2329 1834 2408 thymiama.
1920 2329 2010 2388 lta
2038 2328 2413 2408 Amyraldus.

195 2419 398 2474 instar
439 2411 579 2488 suff
554 2423 713 2487 tus,
785 2416 891 2493 qui
934 2415 1048 2471 tibi
1091 2416 1153 2475 in
1197 2414 1580 2474 tabernaculo
1624 2416 1859 2474 oblatus
1901 2423 2075 2476 recta
2117 2415 2414 2490 dirigitur

195 2519 270 2558 ac
294 2498 523 2570 fertur
561 2501 623 2554 in
664 2508 1042 2579 conspectum
1085 2510 1277 2571 tuum,
1331 2518 1470 2570 nec,
1530 2488 1717 2559 veluti
1741 2499 2023 2573 fumus,
2053 2520 2093 2556 a
2135 2507 2308 2556 vento
2355 2501 2413 2554 in

195 2603 335 2642 aere
374 2582 723 2658 dissipetur.
807 2585 930 2641 Alii
965 2583 1222 2640 faciunt.
1276 2586 1359 2641 sit
1407 2583 1648 2641 stabilis
1705 2581 1850 2663 (qua
1888 2586 2128 2643 notione
2172 2584 2406 2640 verbum

193 2681 306 2751 372
351 2669 489 2738 140,
503 2669 615 2729 12
641 2662 923 2741 aderat),
979 2669 1021 2722 i.
1055 2685 1105 2723 e.
1151 2667 1345 2723 valeat
1382 2678 1440 2725 et
1481 2668 1749 2742 proficiat
1788 2660 2011 2747 aliquid
2053 2668 2244 2734 oratio
2284 2686 2410 2724 mea

194 2752 345 2828 apud
379 2765 449 2808 te.
534 2751 689 2807 Alii.
732 2757 1070 2820 statuatur,
1112 2758 1179 2804 ut
1221 2760 1395 2828 grata
1436 2753 1552 2824 sit,
1590 2759 1760 2828 atque
1798 2764 2032 2829 accepta
2059 2752 2182 2811 fiat·
2265 2752 2414 2823 Erat

198 2847 392 2893 autem
431 2835 491 2891 in
528 2836 652 2911 lege
685 2834 753 2890 de
786 2844 1034 2908 utroque
1065 2830 1457 2908 thymiamate
1481 2843 1540 2890 et
1580 2837 1903 2909 sacrificio,
1964 2833 2120 2916 quod
2160 2837 2412 2916 singulis

198 2923 430 2992 diebus,
482 2937 649 2975 mane
684 2928 742 2974 et
775 2918 998 2991 vesperi
1034 2914 1370 2991 offerretur,
1418 2917 1531 2978 Ex.
1564 2919 1665 2976 29.
1700 2930 1759 2978 et
1798 2922 1901 2978 30.
1943 2952 2030 2964 --
2068 2916 2415 2978 sublatione

197 3023 502 3075 manuum,
550 3014 666 3061 ’ΞΖ-3
710 3007 940 3092 unium,
992 3019 1186 3076 preces
1218 3010 1276 3057 et
1308 3004 1655 3079 supplicatio
1693 2983 2120 3084 significantur,
2165 3023 2201 3062 a
2240 3008 2413 3086 signo

192 3108 285 3149 res
314 3090 565 3167 signata,
605 3086 725 3143 vid.
760 3096 880 3142 not.
911 3085 1006 3141 Ps.
1035 3086 1138 3159 28,
1168 3090 1227 3145 2.
1270 3086 1405 3145 coll.
1432 3089 1537 3159 44,
1557 3089 1658 3146 21.
1700 3089 1897 3190 lReg.
1916 3093 1979 3163 8,
2004 3092 2106 3148 22.
2193 3089 2415 3150 Secun-

194 3175 331 3233 dum
359 3172 817 3249 parallellsmum
859 3166 1065 3258 ἠξθτπ
1110 3188 1178 3227 ac
1220 3181 1340 3249 ’Ξὲ
1376 3177 1577 3256 rumpat
1620 3175 1781 3232 sibi
1766 3178 2013 3241 invicem
2030 3176 2409 3251 respondent.

196 3259 369 3319 Sicut
410 3258 629 3314 oblatio
661 3236 1024 3334 υειρονιίιῖα,
1067 3273 1211 3330 quae
1242 3273 1316 3312 ex
1312 3236 1534 3314 simil'a
1563 3277 1608 3314 s.
1638 3261 1861 3335 puriori
1891 3262 2082 3319 farina
2109 3261 2415 3318 constabat

195 3342 360 3421 (Lev.
391 3344 453 3414 2,
490 3346 540 3399 l.
565 3337 689 3417 2.),
749 3352 808 3398 et
840 3342 973 3419 jugi
1012 3340 1293 3396 sacrificio
1335 3344 1623 3399 matutino
1663 3363 1731 3401 ac
1767 3347 2099 3419 vespertino
2132 3344 2414 3423 adjunge-

196 3428 395 3499 batur,
433 3427 546 3484 Ειι.
574 3427 678 3498 29,
705 3425 1003 3483 38—42.
1046 3420 1217 3483 Num.
1247 3424 1352 3496 28,
1377 3426 1435 3483 3.
1469 3444 1596 3503 sqq.
1683 3430 1834 3499 Quia
1868 3430 2248 3509 vespertinae
2284 3439 2415 3486 tan..

197 3496 514 3568 tummodo
535 3510 853 3566 oblationis
891 3511 1110 3568 mentio
1140 3509 1242 3583 fit,
1298 3512 1591 3585 suspicati
1612 3524 1749 3571 sunt
1785 3517 1998 3591 aliqui,
2055 3515 2280 3590 vesperi
2310 3512 2416 3572 has

196 3612 389 3669 preces
415 3592 698 3650 Davidem
723 3592 925 3652 secisse
956 3594 1029 3651 ad
1057 3591 1264 3650 Deu‘m.
1348 3594 1471 3653 Alii
1502 3615 1642 3656 vero
1680 3598 1750 3657 de
1785 3601 2076 3658 matutino
2102 3600 2280 3662 simul
2320 3617 2415 3657 sa-

198 3676 419 3735 crificio
456 3681 946 3752 interpretantur
958 3673 1415 3763 συνεκδοχικως.

363 3805 426 3862 3.
511 3800 736 3897 nysi?
748 3804 948 3861 Aben-
965 3804 1113 3862 Esra
1151 3803 1324 3863 habet
1366 3826 1470 3883 pro
1506 3788 1887 3886 Imperativo,
1930 3821 2000 3870 ut
2030 3808 2127 3868 Pe.
2154 3806 2260 3882 25,
2286 3810 2416 3883 20,

191 3899 364 3991 atqqu
400 3890 472 3949 ad
506 3870 698 3976 2717*sp
715 3890 987 3947 subaudit
1015 3909 1222 3948 nomen
1259 3891 1499 3983 13107373,
1546 3904 1615 3951 ut
1646 3896 1729 3954 ita
1762 3899 1842 3953 sit
1868 3894 2224 3981 vertendum,
2255 3915 2417 3994 pone

190 3975 529 4054 capistrum
555 3983 617 4030 et
645 3973 884 4030 custodi
916 3975 1066 4032 illud
1099 3980 1195 4033 ori
1219 3992 1362 4048 meo,
1391 3956 1524 4037 coll.
1547 3979 1649 4051 39
1666 3981 1724 4037 2.
1758 3985 1968 4044 niem:
2007 3974 2143 4059 ἐξ
2147 3982 2414 4077 2727:th-

193 4058 562 4118 commodior
596 4070 787 4116 tamen
817 4077 1022 4116 sensus
1039 4062 1338 4131 exoritur,
1372 4063 1424 4118 si
1458 4083 1563 4138 pro
1597 4068 1828 4122 nomine
1859 4048 2185 4123 custodiam
2219 4051 2412 4147 si'g’ni-

167 4142 400 4231 'ficante
434 4146 757 4221 capiamus,
803 4142 1019 4201 formae
1064 4155 1288 4238 717323,
1336 4158 1547 4208 Γι735ιι.
1630 4150 1717 4208 lta
1752 4149 2106 4221 Chaldaeus,
2149 4170 2257 4213 nec
2287 4153 2406 4208 noh

193 4230 654 4303 Alexandrinus:
698 4227 859 4300 θοῠ,
899 4224 1104 4306 κύριε,
1137 4210 1430 4307 φυλακὴν
1465 4214 1557 4313 τῷ
1599 4226 1860 4310 στόματί
1890 4255 2044 4313 μου,
2087 4245 2148 4291 et
2177 4226 2406 4315 Vulga-

192 4320 320 4370 tus·
357 4333 546 4391 pone,
589 4312 871 4386 Domine,
910 4314 1236 4372 custodiam
1281 4317 1382 4372 ori
1417 4335 1576 4390 meo,
1629 4337 1701 4378 ne
1732 4320 1869 4398 quid
1902 4321 2272 4395 impatienter
2306 4329 2409 4377 aut

188 4406 398 4457 temere
439 4398 711 4462 adversus
753 4409 811 4459 te
853 4409 912 4457 et
951 4399 1214 4485 homines
1260 4400 1540 4464 effutiam.
1583 4485 1606 4531 x
1626 4404 1815 4482 Syrus
1862 4404 2064 4496 ”27:325
2110 4402 2411 4463 custodem
