2747 4800
589 297 913 379 Pe.136,
958 297 1256 366 6—4-23.
1359 301 1485 366 Pe.
1529 298 1694 387 137,
1749 321 1806 361 1.
1848 319 1913 365 2.
2024 351 2027 356 f
2211 297 2356 369 661

321 483 384 544 6.
444 477 650 569 ,ΡῚἾΒ
684 480 787 555 Εἰ,
829 482 935 560 qui
963 479 1210 541 diduxit
1241 500 1288 542 s.
1316 481 1633 561 expandit,
1677 481 1748 541 ef.
1775 491 1901 541 not.
1931 481 2006 542 sd
2032 481 2359 561 Gen.1‚6.,

144 580 207 625 et
235 569 477 626 verbum
510 571 574 626 in
605 567 726 625 Piel
757 567 869 627 Ex.
900 568 1004 639 39,
1031 571 1093 626 3.
1130 566 1243 627 Jes.
1272 569 1379 641 40,
1405 571 1496 624 19.
1581 568 1806 627 Similis
1841 567 2028 626 forma
2052 528 2359 647 Participii

140 663 340 711 exstat
365 650 462 710 Ps.
480 656 584 726 94,
602 654 662 711 9.
697 680 785 695 --
824 660 1055 738 ΒὊΞἸ·
1074 648 1154 731 ἒξ
1181 650 1386 729 Supra
1418 671 1628 728 aquas,
1662 655 1700 710 i.
1731 671 1779 709 e.
1813 655 1912 730 qui
1943 663 2156 711 terram
2185 658 2353 733 aquis

135 747 419 814 tanquam
444 695 818 798 fundamento
842 739 1257 813 superstruxit,
1301 736 1424 796 vid.
1456 737 1550 794 Ps.
1580 739 1685 810 24,
1711 739 1771 795 2.
1816 736 1888 796 cf.
1921 738 2017 811 18,
2050 739 2142 794 16.

313 854 410 910 13.
494 861 564 917 n
566 848 718 917 ’ξιτ-’45
748 850 827 912 In
858 849 1165 929 seg-mene&
1204 869 1284 912 se.
1313 854 1430 912 duo
1470 853 1566 929 (ut
1596 852 1736 911 Gen
1762 852 2032 927 15,17.)‚
2071 864 2139 912 ιιι
2170 856 2357 915 instar

125 921 803 1096 ἔιὲιίιὶᾳιιὶὶιιιιῖιιφιο
826 939 1240 1011 consisterent,
1283 949 1342 998 et
1368 940 1800 997 transeuntium
1829 940 2014 996 latera
2045 941 2423 1019 stiparent..

134 1210 238 1287 ¹⁵
275 1127 404 1269 l196·
459 1134 571 1209 Ἷξῑι
602 1123 912 1198 Excussit,
957 1126 1282 1203 prostravit
1306 1122 1704 1202 fluctibusque
1730 1125 1951 1201 obruit,
1992 1125 2107 1187 Ex.
2135 1127 2236 1202 14,
2251 1128 2352 1187 27.

304 1313 404 1370 23.
488 1304 582 1373 7³5
621 1319 761 1373 Ἶῧτ
809 1305 1093 1404 ubmfimy
1136 1306 1262 1379 Qua·
1305 1308 1371 1372 in
1410 1306 1822 1368 humiliatione
1862 1319 2114 1386 nostra,
2175 1332 2353 1391 quum

117 1400 440 1473 jaceremus
489 1377 784 1471 oppressi,
846 1377 1066 1452 me¹mor
1057 1376 1242 1468 fait
1283 1396 1512 1470 nostri,
1570 1391 1608 1459 b
1652 1402 1746 1451 est
1791 1404 1932 1454 nota
1977 1397 2229 1471 objecti,
2287 1409 2356 1458 ut

123 1481 180 1540 V
180 1502 228 1539 s.
258 1484 356 1540 19.
384 1483 484 1539 20.
534 1482 574 1536 2
593 1481 750 1540 Sam.
780 1481 842 1553 3,
866 1480 970 1542 30.
1053 1478 1338 1537 Videntur
1371 1483 1568 1538 sutem
1599 1477 1741 1538 baec
1771 1480 1950 1539 verba
1977 1479 2052 1539 ad
2082 1484 2352 1559 antiquas

122 1570 483 1626 calamitates
508 1566 708 1642 populi
736 1522 1039 1622 ref’erenda
1063 1582 1208 1637 esse,
1240 1582 1359 1621 non
1387 1562 1462 1619 ad
1488 1566 1610 1639 ejus
1642 1566 1943 1641 temporis,
1974 1584 2089 1646 quo
2119 1585 2350 1627 carmen

121 1652 344 1711 factum
383 1661 508 1725 est,
553 1660 622 1708 ιιι
658 1647 1047 1727 respondeant
1082 1646 1578 1725 praecedentibus.

1072 1834 1120 1894 P
1141 1852 1194 1894 s.
1264 1836 1405 1894 137.

294 1953 614 2013 Testantur
644 1956 852 2014 musici
885 1964 943 2012 et
977 1954 1474 2030 cantores‘templi
1507 1971 1672 2013 suam
1701 1954 2127 2028 cunctantium,
2176 1976 2348 2036 quam

123 2043 188 2099 in
233 2041 412 2098 exilio
459 2043 614 2098 inter
659 2040 854 2099 hostes
889 2040 1042 2114 ,olim
1095 2058 1267 2112 suos,
1339 2041 1708 2115 postulantes
1758 2043 1990 2098 cantica
2038 2050 2099 2098 et
2144 2044 2346 2103 modos

121 2127 414 2201 ipsorum,
458 2127 890 2199 praestiterint,
946 2133 1004 2183 et
1036 2142 1207 2198 quam
1238 2125 1419 2182 libere
1449 2125 1846 2183 recusaverint
1882 2124 2344 2202 profanationem

121 2228 423 2267 sacrorum
454 2212 806 2281 carminum,
844 2208 1046 2267 addita
1080 2209 1529 2284 imprecatione,
1573 2227 1747 2285 quam
1775 2213 2189 2283 usurpaverint
2222 2224 2344 2271 tum

122 2294 398 2352 adversus
427 2312 548 2368 eos,
580 2296 682 2372 qui
709 2295 880 2353 talem
911 2291 1373 2371 profanationem
1406 2293 1526 2351 sb
1509 2295 1651 2369 ipsis
1680 2296 1980 2370 postulare
2006 2298 2135 2352 susi
2166 2295 2344 2355 fuere.

124 2377 372 2438 Carmen
401 2397 521 2438 ιιοιι
551 2380 677 2456 ipso
709 2377 976 2438 durantis
1006 2379 1174 2437 exilii
1203 2386 1486 2452 tempore,
1527 2378 1626 2437 sed
1656 2385 1877 2478 postea,
1912 2396 2087 2457 quum
2119 2380 2346 2439 dimissi
2456 2395 2467 2405 “

121 2474 347 2537 essent,
405 2475 465 2523 et
505 2444 840 2523 conditione
882 2463 1025 2536 tali,
1081 2482 1197 2540 qua
1239 2474 1474 2539 possent
1513 2465 1751 2544 organis
1788 2465 2028 2521 musicis
2068 2468 2190 2521 suis
2221 2469 2342 2540 jam

122 2558 280 2608 recte
307 2551 433 2622 uti,
479 2550 699 2608 editum
729 2568 888 2621 esse,
930 2548 1183 2607 ostendit
1214 2556 1276 2605 et
1307 2566 1402 2606 res
1437 2549 1593 2625 ipsa,
1637 2558 1697 2608 et
1729 2548 2038 2608 verborum
2069 2551 2344 2627 temporis

121 2636 423 2721 praeteriti
460 2653 600 2694 usus
633 2636 695 2691 in
729 2632 1000 2692 Versibus
1032 2633 1347 2725 prioribus.

295 2753 352 2808 l.
435 2746 563 2838 §qq
609 2744 961 2838 Μήνη-ἒξ
998 2747 1098 2806 Ad
1124 2747 1385 2823 flumina
1423 2745 1780 2822 Babylonis,
1832 2766 1954 2806 non
1993 2747 2188 2822 urbis,
2242 2750 2345 2808 sed

121 2839 328 2916 regni,
383 2855 484 2912 per
526 2817 679 2911 quod
717 2814 962 2910 dispersi
997 2832 1288 2889 vivebant.
1375 2829 1646 2888 Flumina
1684 2832 1869 2909 igitur
1906 2833 2016 2891 illa
2052 2844 2191 2890 sunt
2221 2834 2345 2891 Eu-

124 2920 355 2997 phrates
386 2931 445 2977 et
472 2919 697 3000 Tigris,
740 2921 880 2976 item
911 2914 1206 2974 Chaboras
1238 2914 1507 2986 Ez.1‚3.
1553 2914 1778 2989 3‚16.,
1820 2924 1879 2972 et
1909 2917 2163 2974 Eulaeus
2190 2915 2341 2974 Dan.

127 3010 189 3078 8,
218 3008 278 3063 2.
359 3003 692 3063 Fluminum
724 3003 940 3060 mentio
973 2998 1178 3056 forsan
1208 3017 1276 3056 eo
1307 3000 1594 3073 pertinet,
1639 3001 1796 3074 quod
1827 3018 2162 3081 synagogae
2189 3000 2342 3077 apud

123 3092 363 3150 flumina
408 3090 580 3147 condi
620 3090 911 3158 solerent,
961 3086 1096 3161 quia
1128 3081 1335 3150 Judaei
1362 3083 1633 3140 obstricti
1665 3093 1836 3142 erant
1867 3087 1938 3144 ad
1975 3104 2178 3143 manus
2206 3104 2341 3157 suas

124 3185 257 3233 ante
287 3174 485 3253 preces
516 3173 847 3244 abluendas,
881 3172 984 3229 illa
1011 3189 1148 3226 vero
1173 3168 1441 3245 puriores
1470 3185 1647 3244 aquas
1673 3171 2141 3243 subministrant,
2170 3189 2341 3246 quam

124 3261 241 3317 alia
273 3279 549 3337 aquarum
576 3257 956 3334 receptacula.
1012 3252 1100 3313 cf.
1129 3253 1237 3311 das
1268 3271 1328 3309 α.
1352 3270 1409 3309 ιι.
1430 3270 1488 3310 n.
1507 3250 1797 3330 Morgenl.
1833 3253 1888 3311 P.
1908 3253 2001 3313 vl.
2029 3274 2081 3331 p.
2100 3257 2198 3311 26.
2217 3273 2340 3330 sqq.

123 3342 291 3402 Unde
315 3354 379 3403 et
412 3344 747 3422 prophetis’
729 3361 792 3399 ιιι
820 3342 997 3400 exilio
1022 3338 1364 3418 degentibus
1391 3337 1646 3395 visiones
1675 3339 1763 3397 ad
1769 3338 2011 3397 flumina
2042 3341 2344 3399 obvenisse

125 3431 370 3508 legimus
408 3428 555 3484 locis
590 3442 722 3484 ante
755 3426 1021 3485 laudatis.
1109 3424 1234 3484 Alii
1266 3422 1499 3479 exsules
1530 3419 1604 3478 ad
1632 3423 2015 3500 Euphratem,
2069 3424 2340 3483 occiden-

126 3514 302 3572 talem
339 3512 693 3586 Babyloniae
727 3514 1072 3581 terminum,
1126 3508 1451 3566 consedisse
1496 3515 1734 3584 putant,
1795 3510 1960 3566 vultu
2003 3510 2076 3567 ad
2119 3511 2344 3586 patriae

127 3608 338 3668 terrae,
370 3595 529 3668 cujus
558 3596 843 3654 desiderio
873 3595 1238 3663 tenebantur,
1268 3591 1468 3670 plagas
1497 3608 1799 3650 converso.
1874 3591 2082 3651 Sionis
2122 3595 2339 3651 mentio

127 3680 418 3752 ostendit,
466 3698 584 3737 non
609 3691 728 3737 tam
758 3677 827 3735 de
859 3681 1082 3755 patria,
1121 3675 1485 3748 Palaestina,
1531 3678 1648 3734 etsi
1680 3677 1751 3735 de
1780 3676 1890 3736 hac
1919 3680 2125 3751 etiam,
2167 3697 2340 3754 quam

125 3766 198 3824 de
239 3768 402 3823 cultu
445 3773 502 3820 et
538 3764 678 3821 loco
719 3766 908 3821 cultus
947 3762 1137 3821 divini
1178 3760 1433 3821 doluisse
1476 3762 1675 3819 exules
1722 3764 1851 3840 pios
1893 3764 2031 3822 illos
2068 3764 2342 3838 musicos,

125 3850 467 3937 praesertim
506 3849 630 3906 fani
663 3848 908 3910 Sionici.

295 3955 353 4010 2.
437 3949 607 4020 Quod
649 3946 924 4007 citharas
969 3964 1111 4006 suas
1155 3946 1238 4004 ad
1282 3947 1511 4005 vicinas
1561 3945 1895 4007 fluminibus
1944 3950 2073 4007 istis
2125 3946 2341 4021 salices

126 4057 187 4095 se
218 4037 383 4110 ajunt
412 4034 828 4115 suspendisse,
868 4031 1205 4114 significant
1233 4050 1574 4109 suspensum
1601 4036 1853 4094 musicae
1881 4052 2077 4092 usum:
2121 4052 2345 4114 organa

127 4125 383 4197 musica,
436 4121 563 4181 Deo
606 4130 976 4190 consecrata,
1033 4119 1222 4175 otiosa
1265 4115 1625 4195 pendebant,
1692 4138 1800 4178 nec
1845 4120 1914 4178 de
1953 4136 2112 4178 more
2155 4125 2227 4177 sul
2274 4138 2342 4177 ea

128 4225 336 4266 cauere
363 4210 688 4283 potuimus,
746 4206 846 4263 sed
877 4206 1108 4263 tristem
1139 4205 1320 4269 vitam
1354 4204 1419 4259 in
1451 4205 1717 4263 luctuoso
1750 4205 1983 4263 silentio
2022 4207 2344 4283 transigere

133 4295 322 4351 coacti
352 4292 586 4350 fuimus.
673 4294 881 4351 *wana
927 4283 1003 4345 In
1049 4289 1233 4345 medio
1273 4285 1406 4358 ejus
1448 4306 1532 4348 se.
1574 4286 1698 4375 ban
1733 4298 1910 4377 vnce,
1957 4308 2062 4366 pro
2096 4286 2345 4365 simplici

134 4390 221 4439 »72
265 4379 328 4435 iu
369 4395 459 4436 ea.
551 4357 971 4451 citharae-aim,
1016 4377 1200 4436 ηἰἾιε
1208 4384 1284 4452 ξ,
1346 4374 1492 4431 alias
1532 4378 1595 4433 in
1631 4353 2076 4437 solemnioribus
2117 4370 2347 4454 gaudiis
