2747 4800
340 273 443 391 56
583 280 588 285 “
724 332 729 339 .
1006 308 1012 317 ·
1206 286 1331 352 Po.
1378 303 1445 376 7,
1500 302 1561 351 2.
1608 281 1676 347 3.

344 486 524 548 quum
571 475 750 529 avum‘
794 462 970 524 etiam
1007 483 1116 544 pro
1158 476 1323 546 patre
1364 468 1432 526 in
1473 469 1623 543 serie
1682 465 1912 546 generis
1955 480 2256 525 recensere
2292 461 2549 524 Hebraei

344 554 586 614 soleant.
669 553 773 613 Sia
794 548 897 610 Vs.
925 549 1024 608 15.
1068 552 1138 612 de
1176 549 1520 630 Ahitophele
1560 551 2029 626 interpretandus
2058 551 2206 621 erit,
2264 558 2324 606 et
2355 549 2456 607 Vs.
2479 556 2544 607 4.

342 640 439 698 vel
471 638 541 696 de
563 633 1027 713 Mephibosetho‚
1080 637 1177 695 vel
1213 639 1390 696 etiam
1425 637 1495 695 de
1521 636 1701 696 Saulo
1729 635 2091 710 simpliciter.
2176 633 2546 707 Objieiehant

341 721 498 783 enim
522 720 635 780 hoc
651 720 1069 796 Beniaminitae
1090 720 1340 795 Davidi‚
1383 721 1538 800 quod
1575 738 1677 797 per
1713 720 1835 778 vim
1864 729 1923 776 et
1948 717 2214 777 fraudem'
2235 719 2547 794 eripuisset

338 823 588 887 regnum
631 805 811 866 Saule
858 806 1093 881 ejusque
1146 808 1414 882 posteris.
1496 804 1711 862 Verum
1753 812 1819 860 ut
1863 814 2078 861 taceam
2094 843 2116 875 ‚
2175 801 2329 860 haud
2372 801 2544 860 facile

336 892 596 971 cogitari
632 906 801 967 posse
841 889 1163 964 rationem,
1217 909 1322 949 cur
1361 887 1550 948 Simos·
1586 905 1798 945 nomen
1832 885 2086 945 Davides
2129 886 2543 958 dissimularet,

339 984 659 1034 occurrunt
708 975 775 1031 in
817 971 914 1031 Ps.
960 975 1088 1049 ipso
1137 977 1317 1047 talia,
1386 991 1533 1051 quae
1573 973 1953 1032 Absalonicae
2001 972 2387 1047 persecutioni
2436 974 2542 1029 vix

338 1061 713 1119 conveniant.
800 1055 994 1115 Primo
1037 1062 1193 1117 enim
1240 1068 1411 1135 poeta
1455 1076 1582 1116 eum
1601 1097 1621 1129 ‚
1683 1072 1722 1113 a
1765 1073 1879 1132 quo
1932 1056 2137 1136 gravia
2181 1074 2381 1130 passus
2430 1064 2541 1128 est,

337 1143 569 1202 inimici
605 1141 839 1202 nomine
874 1141 1137 1201 absolute
1175 1144 1428 1223 insignit
1459 1142 1588 1221 (Vs.
1620 1137 1753 1216 6.),
1814 1149 1986 1217 atque
2030 1140 2235 1218 impiis
2279 1149 2542 1199 accenset

333 1222 471 1308 (Vs.
505 1224 670 1304 lu),
726 1225 882 1304 quod
923 1226 1204 1285 Absaloni
1252 1229 1468 1303 partim
1504 1227 1696 1284 minus
1739 1227 2047 1297 convenit,
2102 1225 2314 1300 partim
2358 1227 2427 1283 de
2465 1244 2538 1282 eo

329 1324 457 1370 non
488 1311 722 1370 videtur
754 1310 1014 1368 dicturus
1044 1310 1317 1369 Davides.
1399 1312 1655 1370 Absalon
1690 1310 1844 1366 enim
1876 1327 1996 1366 non
2028 1319 2147 1366 tam
2173 1308 2440 1367 hostilem
2473 1310 2541 1366 in

329 1391 619 1455 Davidem
658 1394 841 1476 gessit
887 1395 1139 1453 animum
1184 1405 1245 1454 et
1290 1394 1584 1454 hostiliter
1626 1412 1758 1452 eum
1806 1402 2140 1470 persecutus
2186 1403 2312 1465 est,
2365 1412 2537 1470 quam

329 1496 580 1560 regnum
613 1480 834 1556 patris,
863 1480 986 1554 jam
1013 1482 1200 1554 senis,
1241 1478 1357 1538 sibi
1385 1478 1695 1538 affectavit.
1782 1477 2086 1536 Praeterea
2117 1479 2258 1536 satis
2289 1488 2538 1550 constat,

329 1573 586 1641 quantus
620 1562 800 1622 fuerit
831 1565 898 1621 in
927 1560 1153 1622 Davide
1186 1566 1444 1640 parentis
1470 1561 1711 1622 affectus
1739 1564 1805 1620 in
1830 1564 2172 1622 Absalonem
2190 1602 2210 1635 ‚
2267 1564 2367 1638 qui
2406 1581 2539 1620 eum

329 1664 473 1706 sane
500 1645 823 1725 impedivit,
863 1664 977 1725 quo
1004 1648 1199 1706 minus
1231 1647 1302 1707 de
1333 1647 1456 1706 filio
1490 1656 1612 1705 tam
1641 1647 1864 1705 duriter
1892 1647 2241 1724 loqueretur.
2310 1640 2539 1706 Deinde

327 1750 479 1809 quae
505 1730 603 1789 Vs.
629 1733 692 1789 3.
726 1732 1033 1809 leguntur,
1068 1751 1270 1808 parum
1300 1741 1441 1807 apta
1466 1731 1740 1790 videntur
1770 1732 2131 1790 Absalonicis
2167 1732 2537 1808 temporibus-

325 1813 565 1875 Etenim
603 1832 948 1891 quamquam
983 1814 1292 1896 aufugerat
1320 1815 1547 1888 David,
1599 1833 1775 1892 quum
1804 1814 2232 1895 filiuslregnum
2261 1817 2374 1873 sibi
2406 1816 2541 1874 vio-

256 1968 257 1971 *
323 1900 518 1959 lenter
571 1897 930 1973 vindicaret,
998 1900 1051 1957 is
1092 1911 1287 1962 tamen
1324 1911 1547 1977 patrem
1591 1916 1714 1957 non
1758 1897 1968 1975 ubique
2017 1900 2100 1959 ad
2151 1909 2414 1965 mortem!
2446 1909 2541 1960 est

324 1982 665 2055 insectatus,
709 1985 1004 2061 ipsiusque
1030 2003 1246 2059 necem,
1295 1995 1366 2044 ut
1396 1984 1675 2045 terribilis
1702 1982 1810 2056 leo,
1856 1994 1915 2040 et
1951 1985 2216 2042 immanis
2245 1996 2305 2043 et
2337 1995 2541 2043 trucu-

321 2067 520 2125 lentus
550 2066 757 2143 hostis,
800 2070 1118 2144 quaesivit,
1161 2089 1266 2128 nec
1296 2071 1455 2129 vitae
1485 2070 1605 2143 ejus
1637 2086 1976 2146 quocunque
2001 2069 2172 2129 modo
2202 2069 2541 2142 insidiatus,

323 2156 396 2210 ut
437 2153 705 2210 innuitur
743 2147 842 2209 Vs.
874 2154 936 2210 3.
964 2154 1023 2211 6.
1059 2157 1153 2214 16.
1195 2156 1292 2212 1⁷.
1379 2155 1542 2223 Quae
1582 2155 1780 2211 omnia
1818 2163 2009 2210 autem
2056 2153 2308 2212 Saulicis
2351 2170 2545 2211 vexa-

324 2235 586 2293 tionibus
628 2236 844 2311 optime
880 2239 1264 2311 conveniunt3
1325 2255 1503 2314 quare
1540 2254 1610 2294 ea
1635 2240 1940 2295 verissima
1970 2229 2256 2296 sententia
2281 2235 2540 2311 videtur,

321 2336 442 2396 qua
477 2316 671 2377 euml·
696 2316 1114 2391 Benjaminita
1153 2322 1439 2397 accipitur
1475 2339 1584 2397 pro
1628 2323 1862 2379 nomine
1903 2324 2142 2397 proprio
2186 2323 2381 2400 ignoti
2422 2323 2541 2381 ali-

322 2404 489 2477 cujus
538 2405 688 2476 viri,
757 2403 925 2464 Sauli
971 2406 1352 2479 contribulis,
1418 2408 1522 2483 qui
1572 2408 1789 2464 atrocis
1833 2407 1897 2464 in
1942 2408 2205 2465 criminis
2250 2407 2539 2466 invidiam

320 2486 649 2547 adduxerat
673 2487 975 2547 Davidem.
1059 2488 1226 2548 Sauli
1259 2510 1401 2549 vero
1433 2491 1679 2570 gentiles
1712 2500 1837 2549 tum
1864 2493 2080 2567 primas
2115 2493 2179 2548 in
2208 2509 2391 2571 regno
2421 2493 2540 2551 ob·-

319 2571 609 2646 tinebant‚
649 2573 802 2631 unde
823 2569 1078 2630 hominis
1100 2575 1273 2632 istius
1302 2576 1625 2635 calumniae
1651 2583 1820 2636 tanto
1849 2577 2126 2652 mnjorem
2155 2576 2308 2655 apud
2329 2594 2537 2658 regem

318 2656 446 2715 vim
481 2667 543 2716 et
583 2654 893 2717 efficaciam
927 2656 1199 2719 videntur
1233 2657 1520 2720 habuisse.
1801 2661 1804 2664 ’

491 2826 550 2884 2.
594 2827 656 2885 3.
740 2825 1195 2905 Epiphonemate
1240 2834 1507 2908 orditur,
1614 2851 1691 2891 uo
1743 2832 2099 2890 subitaneam
2152 2849 2225 2889 ex
2272 2828 2538 2892 hostium

317 2911 718 2989 perseeutione
761 2913 1164 2974 liberationem
1205 2920 1520 2995 supplicat:
1621 2931 1764 2990 ova,
1805 2916 1887 2973 mi
1921 2914 2121 2990 Deus,
2163 2916 2246 2974 ad
2286 2925 2346 2973 te
2389 2934 2538 2974 con-

303 2994 539 3073 fugio,·
608 3013 786 3054 serva
839 3015 928 3055 me
998 3018 1038 3057 a
1096 3009 1190 3059 tot
1246 3005 1392 3064 meis
1441 3000 1968 3082 persecutoribus,
2031 3002 2198 3081 eripe
2255 3019 2345 3059 me
2398 2999 2542 3059 hie!

317 3079 384 3138 3.
440 3076 530 3137 No
570 3074 800 3156 hostis,
844 3090 1126 3161 tanquam
1160 3087 1278 3161 leo,
1318 3106 1408 3145 me
1450 3087 1731 3158 diluam,
1771 3103 1879 3142 nec
1912 3102 2032 3158 me,
2072 3084 2336 3145 subsidio
2379 3082 2533 3157 defi-

317 3162 537 3236 ciente,
580 3164 905 3245 discerpet.
989 3169 1056 3227 ln
1087 3171 1277 3229 verbis
1308 3182 1508 3235 'n'on
1554 3180 1643 3257 ηε
1680 3168 1965 3244 emphasis
1995 3180 2118 3228 est:
2162 3171 2227 3227 in
2267 3178 2327 3229 te
2354 3169 2534 3244 fidu-

218 3293 225 3298 .
315 3248 474 3305 ciam
520 3265 705 3306 meam
734 3268 933 3329 pono,
988 3270 1109 3312 non
1152 3257 1216 3312 in
1256 3240 1537 3315 homines.
1624 3237 1815 3322 Quum
1859 3249 1961 3311 Vs.
1996 3256 2055 3310 2.
2106 3265 2535 3333 persecutores

290 3333 713 3408 nominentur,
756 3336 856 3394 sed
889 3334 986 3394 vs.
1012 3339 1070 3395 3.
1112 3340 1288 3399 unius
1329 3351 1556 3399 tantum
1582 3339 1686 3397 fiat
1713 3340 1968 3413 mentio3
2008 3340 2112 3408 alii
2143 3337 2297 3397 hunc
2326 3341 2537 3398 distri-

311 3415 515 3475 butive
543 3419 868 3493 accipiunt:
912 3417 1172 3480 hostium
1212 3425 1646 3502 unusquisqu03
1701 3422 1806 3479 alii
1846 3422 2087 3482 Saulum
2129 3424 2316 3499 ipsum
2355 3426 2537 3482 innui

311 3507 558 3576 putant,
601 3504 762 3577 cujus
793 3502 1012 3562 ferinus
1045 3507 1215 3581 plane
1247 3518 1400 3566 esset
1430 3510 1493 3565 in
1523 3504 1808 3566 Davidem
1838 3510 2102 3581 animus,
2147 3516 2206 3565 et
2239 3511 2339 3584 qui
2367 3510 2536 3567 leoni

317 3581 672 3660 conferatur,
712 3588 786 3646 ob
817 3587 1127 3661 feritatem,
1173 3590 1575 3650 crudelitatem
1609 3600 1667 3649 et
1698 3581 2036 3662 potentiam.
2119 3589 2533 3668 Comparatio-

312 3684 451 3724 nem
492 3671 648 3727 enim
691 3690 822 3729 cum
861 3672 1024 3731 loono
1064 3683 1123 3732 et
1164 3675 1579 3735 dilaniationie
1621 3675 1935 3753 descriptio
1978 3677 2194 3735 rectius
2235 3678 2300 3733 in
2342 3696 2534 3738 unum

308 3751 608 3831 insignem
650 3765 711 3812 et
751 3765 1081 3831 potentem,
1137 3778 1308 3837 quam
1350 3764 1413 3817 in
1455 3761 1691 3839 quosvis
1739 3762 2049 3819 convenire
2088 3758 2301 3819 hostes.
2384 3760 2535 3823 Non

311 3845 508 3895 autem
555 3840 888 3904 nominasse
930 3852 1160 3912 poetam
1205 3842 1429 3904 hostem
1473 3847 1670 3919 illum,
1729 3843 2060 3922 emphaseos
2102 3837 2311 3918 causa,
2364 3846 2534 3904 indi-

309 3937 488 3994 cans,
550 3939 683 3981 eum
741 3925 964 3983 nemini
1015 3944 1133 3986 non
1177 3946 1302 3988 esse
1357 3938 1584 3991 notum.
1650 3959 1726 3974 -
1798 3930 1857 3987 3.
1920 3938 2142 4009 ττῃὲς-
2199 3928 2526 4013 quw-7⁵?

308 4003 469 4096 '⁴1qu
498 4001 590 4063 Ne
629 4006 913 4084 dilaniet,
956 4017 1027 4067 ut
1064 4011 1184 4086 leo,
1226 4014 1482 4075 animam
1515 4033 1730 4086 meam,
1769 4016 1811 4072 i.
1848 4032 1896 4071 e.
1928 4011 2044 4070 me:
2184 3995 2530 4072 ostesi'suoii

305 4084 508 4147 David
544 4092 771 4168 saepius
809 4094 1073 4153 leonibus
1112 4111 1439 4175 comparat,
1490 4098 1589 4162 Ps.
1622 4100 1727 4169 22,
1754 4099 1857 4155 22.
1884 4090 2006 4170 35,
2036 4101 2166 4172 17.,
2228 4101 2366 4175 quia
2407 4099 2526 4157 im-

305 4174 613 4247 manitate,
661 4178 1015 4237 truculentia
1045 4192 1103 4240 et
1132 4182 1435 4243 ferocitate
1463 4194 1685 4241 certare
1714 4184 2060 4241 videbantur
2089 4202 2222 4242 cum
2250 4184 2524 4242 leonibus

306 4257 709 4355 &froeiuimifl-
791 4273 970 4353 ηᾎς,
1018 4268 1249 4343 proprie
1285 4269 1528 4347 carpsit
1563 4284 1663 4343 per
1703 4277 1993 4338 extrema,
2047 4275 2362 4343 usurpatur
2391 4286 2526 4324 ma-

306 4356 464 4400 xime
501 4340 572 4402 de
610 4341 755 4405 feris
768 4385 789 4421 ‚
835 4350 1107 4426 praedam
1136 4349 1301 4416 humi
1325 4349 1724 4426 trahentibus,
1768 4364 1828 4412 et
1855 4352 2219 4422 membratim
2245 4352 2521 4414 vellenti-
