2747 4800
843 334 849 339 ,
948 221 1336 352 Ῥε.ἰιο,
1398 248 1559 333 4.5.
2028 258 2039 275 “
2232 232 2387 340 5851
2472 296 2509 373 ὀ

169 456 522 515 sacerdotem
551 454 631 514 sit
658 462 1210 533 repraesentaturus,
1240 466 1414 528 quum
1447 449 1616 526 hujus
1652 454 1924 511 carminis
1951 454 2094 512 editi
2122 464 2379 536 tempore

172 542 482 600 insolitum
511 549 694 639 esset,
727 539 1081 597 sacerdotem
1111 537 1237 595 fieri
1273 555 1425 611 eum,
1467 538 1570 614 qui
1596 555 1717 594 non
1751 548 1900 596 essct
1926 538 1997 595 de
2029 541 2188 597 tribu
2217 541 2376 600 Levi.

170 628 365 695 Quare
407 611 663 682 addidit.
729 625 1043 682 secundum
1084 622 1376 680 rationem
1431 642 1479 679 s.
1525 621 1912 681 conditionem
1947 622 2379 700 Melchisedec-i,

170 729 227 787 q.
262 710 316 767 d.
348 727 468 767 non
502 709 764 789 vulgaris
797 709 1064 785 quidam,
1121 708 1288 782 quasi
1316 705 1599 778 Aaroni‘s,
1655 717 1759 764 aut
1804 708 1954 766 alius
1982 728 2070 765 ex
2109 711 2232 782 ejus
2274 730 2377 786 po-

173 796 382 867 stetis,
424 792 700 866 Levitae,
754 791 855 852 sed
890 792 1210 870 singularis
1249 794 1419 864 piane
1456 799 1518 849 et
1549 792 1796 849 eximiae
1824 791 2212 869 conditionis,
2255 797 2379 853 scil.

171 880 405 959 regiae,
450 877 737 936 sacerdos.
822 873 1188 962 ἢηἽὲπ-ὲξ
1224 895 1353 934 cum
1387 875 1515 935 Jod
1539 876 1922 954 paragogico
1965 875 2152 955 (quale
2191 836 2254 936 in
2289 898 2383 936 se-

173 965 379 1039 quenti
431 959 837 1055 ppt-'23⁷³'
907 942 1046 1019 i'tem
1090 961 1152 1017 in
1195 963 1553 1050 772¹·71'7N
1592 959 1712 1018 Jos.
1751 963 1849 1033 10,
1888 966 1937 1020 1.
1923 1002 1973 1035 .,
2043 965 2385 1054 ,ηδ-’δῆθε

171 1042 309 1106 Jud.
347 1048 401 1121 1,
433 1053 490 1106 6.
477 1087 526 1119 .,
587 1031 833 1124 aliisque
874 1048 1124 1123 passim,
1179 1064 1230 1104 e.
1264 1064 1312 1101 c.
1310 1025 1458 1104 Jcs.
1494 1029 1553 1118 1,
1579 1047 1683 1102 21.
1729 1043 1869 1104 Thr.
1903 1051 1958 1121 1,
2004 1053 2055 1109 l·
2089 1051 2213 1121 4.),
2272 1069 2378 1124 pro

173 1130 514 1215 πῆξις-ἒξ,
555 1152 749 1208 propr.
781 1150 904 1210 pro
935 1132 1196 1203 ratione,
1236 1130 1553 1188 secundum
1585 1132 1898 1206 rationem,
1938 1143 2004 1191 ut
2038 1129 2455 1205 Coh.3‚18.-

176 1219 238 1291 8,
267 1219 328 1274 2.
346 1259 365 1290 ,
421 1217 575 1296 quod
620 1215 825 1274 Aben-
838 1216 991 1274 Esra
1028 1226 1185 1274 recte
1229 1213 1285 1272 h.
1319 1214 1361 1272 Ι.
1407 1216 1648 1292 exponit
1686 1225 1924 1276 ΓΗΖ-ι·
1946 1213 2028 1295 ’βξ
2073 1218 2387 1281 secundum
2436 1212 2445 1237 ¹

172 1319 390 1359 morem
430 1299 1028 1381 monsuetudinem,
1087 1310 1146 1359 et
1179 1300 1365 1377 Syrus
1405 1300 1470 1358 in
1509 1279 1958 1403 similitudine,
1996 1302 2284 1378 quomodo
2327 1315 2387 1363 et
2498 1352 2502 1356 Α

173 1387 453 1463 epistolae
484 1388 559 1445 ad
588 1385 883 1444 Hebraeos
917 1387 1170 1463 scriptor
1202 1383 1384 1456 7,15.
1426 1380 1751 1464 κατὰ-τὴν
1779 1380 2113 1465 ἑμοιότητα
2149 1383 2389 1470 Μελχι-

174 1466 351 1534 σεδὲκ
389 1471 562 1530 dixit.
649 1470 1083 1530 Alexandrinus
1127 1466 1286 1531 κατὰ
1331 1468 1445 1549 τὴν
1485 1460 1690 1544 τάξιν,
1746 1471 2030 1553 vulgatus
2073 1472 2389 1533 secundum
2434 1487 2438 1490 ⁴

174 1557 477 1629 ordinem,
534 1556 652 1631 qui
668 1554 1029 1633 significatus
1060 1556 1243 1631 repeti
1281 1567 1473 1633 potest
1516 1575 1588 1614 ex
1625 1555 1789 1613 verbi
1826 1557 2066 1616 Arabici
2106 1566 2230 1619 727
2257 1568 2388 1623 n'o-

172 1643 358 1714 tione,
391 1658 551 1720 ponc
579 1638 743 1712 fuit,
779 1648 1046 1698 sectatus
1071 1641 1235 1714 fuit,
1275 1640 1605 1713 successit,
1642 1640 1796 1698 unde
1837 1652 2005 1704 ἘΝ-ι
2042 1654 2388 1720 successor,-

176 1727 264 1783 sic
296 1720 625 1819 ”ww-’³2
653 1732 803 1783 esset
829 1723 1142 1783 secundum
1171 1727 1618 1783 successionem.
1678 1721 1872 1790 1551υὲ
1907 1723 1983 1785 In
2005 1734 2391 1807 perpetuum,

173 1811 335 1886 quod
368 1806 467 1886 qui
501 1809 574 1868 ad
597 1792 884 1869 Davidem
918 1809 1209 1868 Psalmum
1242 1809 1537 1883 referunt,
1589 1792 2079 1887 interpretantur:
2129 1811 2265 1869 dum
2295 1816 2389 1873 vi-

177 1907 316 1970 ves;
360 1904 562 1952 notum
591 1895 767 1966 enim,
809 1890 959 1956 nbw
996 1903 1225 1973 tempus
1257 1905 1623 1974 perpetuum
1660 1905 1900 1969 notare,
1944 1905 2224 1974 quatenus
2254 1899 2392 1956 sub·-

172 1981 365 2053 jectae
401 1980 679 2036 materiae
717 1980 1104 2057 perpetuitas
1144 1982 1457 2038 convenire
1489 1991 1714 2057 potest,
1754 1992 1822 2039 ut
1852 1981 1966 2039 Ex.
1988 1983 2091 2055 21,
2118 1981 2176 2038 6.
2217 1979 2393 2042 Deut-

184 2062 416 2137 15,17.
457 2064 526 2123 de
557 2082 726 2120 servo
757 2073 1050 2143 perpetuo,
1088 2065 1130 2123 i.
1157 2082 1209 2119 e.
1241 2063 1316 2120 ad
1353 2082 1573 2124 annum
1613 2083 1795 2141 usquc
1828 2065 2179 2139 iubilaeum3
2223 2066 2294 2124 cf.
2331 2078 2393 2129 et
2479 2070 2490 2081 ’

187 2151 218 2207 1
244 2146 400 2209 Sam.
435 2150 488 2221 1,
521 2149 623 2204 22.
673 2147 855 2206 lChr.
886 2145 986 2220 15,
1012 2150 1072 2205 2.
1153 2146 1370 2206 Verum
1412 2159 1619 2208 contra
1656 2161 2009 2208 monuerunt
2045 2153 2182 2223 alii,
2243 2151 2396 2210 nihil
2442 2144 2449 2153 ’

183 2242 308 2292 tam
355 2234 567 2290 eximii
599 2251 721 2290 esse
764 2236 831 2290 in
878 2251 946 2290 eo
991 2233 1309 2318 promisso,
1371 2232 1499 2292 fore
1539 2253 1735 2308 eum,
1765 2234 1836 2293 de
1877 2253 1991 2311 quo
2037 2234 2134 2292 hic
2175 2238 2397 2317 agitur,

184 2317 540 2376 sacerdotem
581 2336 681 2394 per
722 2324 907 2377 totam
945 2319 1162 2390 vitam,
1215 2324 1283 2374 ut
1312 2318 1373 2376 id
1404 2329 1523 2377 tam
1556 2320 1726 2399 gravi
1758 2320 2142 2396 jurejurando
2176 2323 2396 2379 sanciri

69 2441 76 2456 .
187 2404 467 2462 debuerit.
514 2402 757 2464 Videtur
788 2405 970 2483 igitur
1000 2413 1162 2460 vates
1197 2402 1267 2460 de
1297 2405 1565 2483 longiore
1593 2415 1807 2475 aetate,
1839 2422 2012 2480 quam
2045 2424 2189 2483 quae
2216 2407 2395 2484 vulgo

186 2507 311 2546 csse
341 2487 637 2545 hominum
664 2489 832 2560 sciet,
869 2489 1174 2568 cogitasse.
1244 2485 1514 2547 Ceterum
1548 2489 1622 2547 ad
1655 2490 1850 2547 locum
1882 2498 2144 2547 nostrum
2169 2491 2400 2548 videtur

186 2572 527 2633 adumbrata
556 2572 869 2660 descriptio
889 2572 1052 2649 regii
1075 2570 1411 2632 sacerdotis
1438 2573 1956 2651 apud'Zachariam
1982 2576 2282 2648 vatem,16‚
2303 2574 2398 2632 13.

362 2741 420 2799 5.
507 2736 848 2833 ’ἱρήν-ἒξ
893 2725 1040 2827 ’ἧς
1079 2739 1371 2800 Dominus
1413 2741 1496 2799 ad
1533 2742 1811 2801 dextram
1856 2749 2042 2816 tuam,
2083 2764 2119 2801 ο
2148 2741 2281 2800 rex!
2328 2743 2402 2800 ad

189 2846 321 2886 cum
352 2829 527 2896 enim,
564 2808 641 2882 de
671 2844 783 2902 quo
813 2823 914 2883 Vs.
951 2828 1008 2882 3.
1041 2845 1230 2883 sermo
1260 2821 1474 2899 fuerat,
1507 2826 1775 2884 suffixum
1807 2829 2089 2885 secundae
2122 2845 2400 2901 personae
2434 2875 2442 2894 ,

191 2914 446 2971 nominis
480 2920 666 3008 7:772*
691 2920 779 2969 cst
806 2903 1187 2982 referendum,
1226 2920 1285 2967 et
1316 2911 1423 2969 sub
1461 2923 1602 2973 727&
1634 2908 1793 2969 Jova
1829 2912 2264 2991 intelligendus,
2310 2932 2403 2969 re·-

196 2994 314 3079 gis,
353 2996 465 3054 hoc
492 2996 760 3054 carmine
776 2995 1073 3068 celebrati,
1109 2996 1544 3071 potentissimus
1577 2993 1860 3056 defensor.
1929 2995 2021 3055 Ita
2045 2993 2400 3054 Chaldaeum

193 3080 486 3154 majestas
522 3079 713 3139 Jovac
753 3080 835 3137 ad
877 3079 1155 3137 dextram
1203 3087 1366 3138 tuam
1411 3080 1727 3159 percutiet
1773 3092 1882 3141 etc.
1965 3083 2089 3141 Imo
2132 3079 2408 3148 exhibent

187 3165 425 3225 codices
467 3165 852 3242 septendecim
882 3164 1224 3223 Kennicotti
1267 3166 1427 3257 nm]
1467 3184 1573 3242 pro
1616 3169 1778 3229 ’πῖ-ιιι.
1857 3167 1914 3226 Α
1955 3167 2198 3238 dextra,
2239 3184 2286 3223 s.
2328 3164 2412 3223 acl

199 3250 480 3308 dextram
532 3268 660 3308 esse
715 3252 891 3309 alicui
943 3267 1017 3310 ex
1057 3269 1166 3309 usu
1205 3232 1484 3327 loquendi
1526 3231 1813 3311 Hebraico
1856 3257 1946 3309 est
1990 3261 2219 3328 praesto
2265 3269 2409 3324 esse,

201 3336 435 3410 adesse,
495 3354 891 3413 propugnare,
918 3325 1082 3393 vid.
1131 3337 1229 3404 16,
1261 3335 1322 3395 8.
1376 3337 1518 3408 109,
1547 3339 1647 3394 31.
1730 3335 1905 3395 Recte
1952 3337 2195 3396 Grotius
2250 3333 2409 3393 hunc

199 3421 396 3478 locum
422 3423 509 3479 sic
535 3424 943 3495 interpretatus
975 3430 1092 3478 est.
1133 3419 1384 3494 adjutor
1422 3421 1537 3479 eibi
1567 3430 1682 3494 est,
1726 3429 1789 3478 et
1815 3421 1973 3480 velut
2001 3412 2411 3500 παραστάτης-

202 3501 532 3580 Dominus,
575 3507 613 3564 i.
644 3526 695 3562 e.
727 3504 873 3563 Jova
913 3500 1122 3582 (neque
1158 3507 1313 3564 enim
1351 3504 1422 3563 de
1460 3508 1580 3565 uilo
1619 3509 1773 3580 alio,
1825 3518 1926 3564 aut
1961 3506 2123 3580 Deo,
2167 3517 2272 3564 aut
2302 3505 2412 3563 ho-

203 3592 383 3662 mine,
409 3597 726 3668 usurpatur
756 3607 968 3647 nomen
1002 3588 1167 3670 ὉἾΝ)
1198 3610 1419 3670 semper
1445 3592 1521 3650 ad
1546 3594 1699 3649 latus
1725 3601 1886 3650 tuum
1917 3590 2191 3660 adversus
2217 3590 2412 3648 hostes

208 3683 347 3731 tuos
390 3675 492 3752 pro
534 3685 592 3734 te
626 3692 1009 3755 propugnans
1047 3676 1245 3734 caedes
1277 3695 1478 3756 reges,
1520 3678 1627 3734 rel.
1711 3675 1885 3735 Aliud
1920 3676 2055 3754 quid
2101 3677 2284 3755 igitur
2322 3673 2427 3730 hic

209 3757 448 3832 dicitur,
489 3778 661 3838 quam
690 3777 870 3836 supra
900 3757 999 3816 Vs.
1036 3762 1111 3834 1.,
1150 3760 1251 3818 ubi
1281 3760 1520 3819 Messias
1548 3755 1732 3819 Jovae
1768 3762 1849 3819 acl
1881 3761 1964 3820 de.
1966 3770 2159 3818 stram
2196 3758 2421 3829 sedero,
2530 3765 2553 3776 “

210 3843 256 3900 1.
288 3863 337 3901 e.
349 3847 494 3921 pari
519 3864 650 3903 cum
679 3863 747 3901 eo
781 3851 1071 3919 potestate
1101 3847 1190 3902 uti
1222 3843 1456 3912 dicitur.
1512 3845 1965 3923 Difficultatibus
1999 3847 2103 3903 vix
2133 3844 2424 3901 solvendis

212 3944 337 3988 sese
382 3930 720 4005 implicant,
794 3929 898 4006 qui
940 3926 1208 3987 suffixum
1256 3931 1541 3989 secundae
1588 3949 1891 4006 personae
1916 3931 2077 3990 vocis
2118 3938 2305 4018 53:³72*
2353 3925 2429 3985 ad

213 4011 419 4071 lovum
459 4014 736 4072 referunt.
821 4010 1132 4071 Tribuitur
1164 4032 1303 4071 vero
1336 4012 1434 4071 hic
1463 4009 1679 4089 Jovae,
1724 4016 1878 4092 quod
1917 4016 2149 4092 proprie
2186 3992 2429 4087 Messias

218 4106 309 4155 est
336 4107 693 4174 patraturus,
724 4098 821 4156 cui
836 4096 1045 4154 eadem
1072 4096 1166 4155 Pa.
1197 4100 1261 4171 2,
1287 4100 1348 4155 9.
1384 4102 1742 4159 tribuuntur.
1813 4102 1984 4169 Quod
2014 4111 2208 4158 tamen
2234 4083 2433 4167 eodem

215 4183 466 4255 recidit,
521 4202 699 4261 quum
732 4183 933 4241 divino
965 4184 1194 4241 auxilio
1227 4182 1458 4257 adjutus
1489 4184 1730 4244 Messias
1763 4188 2058 4272 insignes,
2115 4184 2186 4243 de
2225 4184 2434 4262 quibus
2488 4203 2492 4209 ’

218 4265 319 4323 hic
351 4270 573 4346 agitur,
599 4270 878 4336 victorias
908 4267 977 4324 de
1007 4271 1128 4325 suis
1154 4267 1421 4326 hostibus
1448 4272 1782 4348 reportabit.
1844 4273 2032 4347 Atque
2060 4268 2135 4338 ad
2164 4267 2433 4328 Maniam

224 4350 457 4429 reliqua
484 4356 759 4414 carminis
790 4371 915 4412 esse
942 4353 1265 4429 referenda,
1294 4356 1402 4468 vix
1431 4367 1520 4425 est
1556 4356 1711 4434 quod
1741 4373 2089 4417 moneamus.
2148 4349 2443 4410 Praeteri·
2524 4411 2531 4414 ,
