2747 4800
776 267 1070 381 Psf54,
1121 310 1362 383 7-9-
1453 293 1568 362 Pe.
1616 294 1734 359 55.
2213 290 2362 364 347
2441 350 2458 369 .

336 480 394 536 7.
480 469 691 559 Ἶῆῖὐξ
733 484 873 557 ηπ
916 473 1069 553 δ’τρ·
1104 474 1326 534 Redire
1349 475 1586 551 faciet,
1628 478 1902 555 rependet
1940 473 2110 558 (sive,
2155 499 2362 540 secun-

171 563 300 620 dum
326 539 599 634 Clastiblzss
629 545 783 649 Ξῆϋζ
812 546 1080 640 rEdibiej',
1107 562 1337 634 malum,
1363 564 1629 636 exitium,
1662 563 1815 640 quod
1845 563 1987 620 mihi
2016 565 2359 636 moliuntur,

169 646 624 704 insidiatoribus
671 649 849 721 meis,
918 650 1020 722 qui
1064 647 1343 704 insidiose
1385 645 1702 722 dispiciunt
1749 648 2202 727 observantque,
2263 651 2360 707 ubi

167 733 405 804 lateam,
452 750 488 788 a
531 732 708 790 verbo
753 732 881 795 Ἷητύ
922 731 1351 808 contemplari,
1394 729 1731 792 observare.
1812 727 2092 822 oxyn-§2¹³2
2134 743 2371 821 ηηηιξξ
2438 799 2441 806 ‚

166 814 280 875 Per
311 816 628 874 veritatem
655 825 839 889 tuam,
877 837 923 874 s.
948 833 1020 873 ex
1053 815 1164 872 fide
1198 826 1320 889 tua,
1359 816 1644 886 exscinde
1672 834 1773 873 eos
1811 815 1955 894 (vid.
1983 821 2057 876 ad
2092 814 2361 898 18‚211.)‚

169 912 232 958 ut
263 911 535 958 constans
562 902 1038 976 promissionibus
1073 903 1191 957 tuis
1225 903 1594 980 agnoscaris3
1636 911 1702 959 ut
1732 920 1932 959 verum
1962 905 2065 974 sit,
2107 905 2260 980 qnod
2294 917 2361 964 tn

167 987 458 1062 pollicitus
488 1003 570 1057 es,
608 1004 698 1042 me
728 998 1138 1066 regnaturum,
1181 985 1303 1043 dele
1330 987 1501 1057 illos,
1542 987 1804 1063 alioquin
1833 997 2024 1044 aetum
2058 1002 2146 1046 est
2173 989 2240 1045 de
2271 1009 2393 1048 me*

168 1071 393 1145 tuisque
426 1072 758 1146 promissis3
817 1090 996 1148 prope
1025 1069 1179 1129 enim
1211 1079 1331 1143 est,
1377 1082 1444 1127 ut
1471 1089 1736 1147 peream,
1774 1072 1893 1129 nisi
1931 1072 2024 1130 illi
2061 1075 2361 1150 perierint.

164 1152 273 1212 Per
312 1152 698 1231 apostrophen
735 1157 929 1215 subito
971 1155 1046 1217 ad
1081 1153 1268 1213 Deum
1309 1157 1671 1213 convertitur
1700 1158 1927 1229 oratio,
1984 1157 2054 1216 de
2096 1177 2209 1236 quo
2252 1159 2361 1216 hu·-

166 1256 377 1315 cusque
409 1240 470 1295 in
506 1242 682 1298 tertia
712 1259 963 1319 persona
996 1241 1111 1298 fuit
1142 1242 1454 1318 loquutus;
1509 1259 1623 1318 quo
1661 1243 1789 1319 ipso
1825 1240 2134 1302 affectuum
2166 1246 2364 1320 prodit

161 1322 596 1381 vehementiam.

325 1425 393 1483 8.
463 1419 838 1511 aba-nnat&
878 1436 1079 1510 27:5³2}
1111 1422 1447 1505 Spontaneo
1484 1406 1795 1498 sacrificio
1841 1422 1957 1482 eibi
1985 1391 2366 1506 sacrificabo,

163 1521 464 1586 postquam
495 1520 557 1566 tu
588 1494 720 1567 issoi
739 1491 1100 1570 ⁸s⁸ui›ver'tei·is
1131 1522 1304 1588 atque
1333 1511 1668 1569 succideris.
1749 1508 1912 1568 Inter
1940 1511 2237 1574 sacrificia⁴
2261 1536 2365 1595 ge-

163 1613 270 1652 nus
304 1593 594 1670 quoddam
624 1601 752 1652 erat
779 1597 1283 1668 voluntariorum,
1339 1615 1485 1674 quae
1520 1612 1640 1653 non
1672 1614 1745 1653 ex
1774 1597 1970 1669 aliqua
2003 1601 2386 1675 necessitate,·

164 1680 257 1737 sed
307 1678 485 1737 hilari
534 1690 911 1758 promptoque
960 1683 1154 1739 animo
1200 1692 1406 1758 sponte
1460 1680 1886 1753 offerebantur,
1955 1679 2083 1739 Deo
2140 1688 2366 1763 gratias

164 1764 376 1840 agendi
408 1779 581 1820 causa
608 1763 775 1839 (Lev.
807 1770 866 1840 7,
891 1766 984 1824 16.
1025 1768 1129 1839 22,
1157 1767 1257 1823 21.
1288 1762 1439 1843 23..)
1508 1763 1880 1838 Huiusmodi,
1916 1766 2136 1842 inquit,
2182 1772 2366 1827 sacri·
2464 1779 2475 1806 ²

161 1848 309 1906 ficiis
350 1857 451 1904 tuo
487 1857 606 1903 tam
636 1869 848 1930 magno
887 1852 949 1909 in
978 1872 1069 1909 me
1099 1851 1313 1909 collato
1348 1850 1625 1909 beneficio
1656 1849 1890 1908 reddam
1924 1853 2141 1924 vicem,
2201 1856 2367 1916 5773&

163 1936 325 2026 27'2272
376 1930 516 2022 *pap
565 1929 880 1993 Celebrabo
927 1954 1129 1993 nomen
1167 1944 1340 2011 atque
1368 1937 1617 2015 gloriam
1647 1946 1839 2008 tuam,
1876 1932 2056 2010 Jova,
2093 1937 2213 1998 :ua
2233 1920 2368 2020 ἧς

163 2035 296 2077 nam
342 2015 569 2091 bouum,
604 2019 944 2095 jucundum,
986 2029 1105 2093 est,
1149 2018 1272 2078 vid.
1304 2020 1402 2078 Ps.
1434 2019 1538 2093 52,
1572 2020 1665 2076 ΙΙ.

332 2129 393 2185 9.
478 2124 655 2198 Quod
700 2147 779 2187 es·
827 2129 986 2187 omni
1038 2128 1320 2205 angustia
1371 2126 1657 2185 liberavit
1706 2145 1828 2202 me,
1896 2129 2055 2206 quod
2095 2131 2371 2189 intuetur

164 2213 441 2271 inimicos
483 2231 637 2272 meos
693 2215 894 2273 oculus
947 2232 1143 2285 meus,
1209 2233 1339 2272 cum
1384 2212 1765 2272 oblectatione
1805 2207 1962 2292 (vid.
2006 2216 2079 2274 ad
2120 2217 2235 2288 22,
2266 2219 2366 2274 18.

165 2299 265 2371 27,
294 2300 420 2373 4.),
464 2297 599 2355 dum
631 2299 827 2380 dignis
862 2301 1060 2377 poenis
1089 2297 1441 2370 afficientur,
1482 2307 1784 2374 postquam
1817 2299 2046 2358 eosdem
2077 2300 2372 2377 hucusque

163 2402 278 2442 non
314 2384 532 2462 absque
562 2396 715 2442 metu
759 2405 826 2442 ac
864 2395 1112 2443 tremore
1150 2385 1403 2442 maximo
1437 2385 1770 2455 conspicere
1806 2385 1989 2460 potui.
2063 2381 2374 2449 Lideraoit

163 2487 285 2544 nse,·
335 2489 413 2527 ex
442 2473 771 2545 praeteritis
803 2471 1093 2529 benefieiis
1124 2468 1241 2539 Dei
1274 2469 1343 2526 de
1370 2469 1571 2527 futuro
1603 2466 1873 2527 fiduciam
1907 2468 2183 2549 concipit,
2231 2470 2369 2549 q.·d.
2390 2483 2411 2493 ‘

164 2553 321 2632 quod
358 2553 648 2631 hueusque
676 2555 887 2629 fecisti,
930 2560 1058 2617 nors
1081 2555 1306 2613 desines
1335 2553 1525 2612 faeere
1553 2555 1728 2613 etiam
1758 2555 2041 2633 deinceps.

1135 2742 1250 2802 Ps.
1308 2741 1409 2802 55.

336 2855 386 2913 A
421 2851 826 2930 perditissimis
859 2862 916 2909 et
947 2852 1333 2911 fallacissimis
1363 2846 1731 2922 hominibus,
1793 2869 1936 2925 quos
1968 2852 2124 2909 inter
2156 2851 2375 2927 primos

165 2941 391 2997 amicos
436 2939 747 3006 habuerat,
805 2956 865 2993 se
913 2939 973 2994 in
1021 2952 1299 2994 summam
1340 2936 1671 3014 angustiam
1718 2933 2028 2992 adductum
2072 2937 2373 3011 queritur3

166 3036 338 3097 optat
379 3024 490 3079 sibi
521 3022 653 3080 addi
686 3024 840 3094 alas,
882 3035 946 3080 ut
978 3025 1038 3078 in
1074 3021 1488 3079 remotissimas
1522 3027 1709 3075 terras
1744 3019 1929 3095 possit
1963 3018 2274 3100 aufugere,
2312 3028 2373 3076 et

168 3110 227 3165 in
260 3108 502 3183 aliquod
541 3106 827 3164 desertum
857 3126 919 3163 se
951 3107 1240 3183 recipere,
1295 3104 1400 3162 ubi
1434 3112 1594 3182 tutus
1633 3106 1712 3161 sit
1749 3105 1819 3162 ab
1853 3103 2134 3186 hostibus.
2221 3102 2376 3161 Dein

167 3205 347 3273 rogat
380 3191 601 3263 Deum,
657 3201 724 3248 ut
757 3192 954 3249 turbet
991 3192 1245 3249 hostium
1283 3188 1568 3261 consilia,
1620 3190 1793 3247 simul
1824 3188 2054 3246 illorum
2093 3208 2280 3246 mores
2315 3197 2376 3246 et

151 3277 487 3336 ⁴faeltionem
530 3277 874 3334 describens.
957 3277 1022 3337 ln
1070 3272 1355 3353 quendam
1399 3276 1770 3350 praesertim,
1833 3292 1965 3330 cum
2009 3291 2122 3349 quo
2168 3271 2377 3331 fuisset

166 3363 284 3436 ipsi
319 3370 498 3419 antea
525 3363 849 3419 arctissima
875 3362 1261 3435 necessitudo,
1302 3358 1597 3418 invehitur
1631 3356 1758 3436 (Vs.
1796 3353 2142 3437 13—15.),
2181 3359 2378 3437 queri-

171 3457 394 3524 torque
446 3464 506 3503 se
566 3447 636 3505 ab
681 3464 751 3503 eo
799 3446 1074 3521 injuriam
1116 3448 1273 3524 pati,
1340 3464 1456 3522 quo
1497 3445 1739 3501 ductore
1785 3462 1923 3501 usus
1965 3444 2079 3515 sit,
2142 3445 2376 3521 quicum
2466 3522 2469 3523 ⁷

169 3532 426 3591 consilia
459 3533 715 3590 suaviter
746 3533 1094 3605 contulerit,
1153 3550 1383 3609 unaque
1412 3529 1608 3587 aedem
1640 3527 1751 3586 Dei
1788 3527 2205 3604 frequentarit,
2266 3529 2381 3599 illi,

171 3619 405 3692 totique
433 3614 677 3674 factioni
707 3615 955 3673 subitam
984 3625 1229 3676 mortem
1255 3619 1638 3693 imprecatur,
1682 3612 2036 3691 affirmatque
2067 3630 2390 3691 numquam-

170 3710 536 3758 cessaturum
581 3699 769 3758 Deum
816 3705 1077 3777 precari,
1148 3702 1333 3760 donec
1388 3699 1566 3758 fuerit
1610 3700 1924 3771 liberatus,
1997 3696 2191 3755 hostes
2241 3714 2378 3755 vero

171 3786 394 3856 eversi,
430 3772 904 3863 quemadmodum
937 3795 1099 3845 certo
1129 3797 1358 3864 sperat,
1400 3795 1460 3844 et
1482 3782 1743 3841 futurum
1770 3783 2069 3859 praedicit.
2157 3782 2382 3840 Rursus

170 3869 388 3928 falsum
419 3889 489 3927 ac
523 3870 784 3928 fucatum
814 3871 980 3929 illum
1011 3874 1258 3929 anticum
1287 3870 1667 3948 perstringit,
1729 3878 1788 3925 et
1824 3867 2095 3944 perfidiae
2134 3875 2384 3924 accusat.

171 3952 450 4029 Denique
494 3973 602 4032 pro
650 3955 882 4034 epilogo
927 3974 988 4014 se
1027 3975 1275 4031 suosque
1315 3950 1618 4025 hortatur,
1680 3971 1816 4011 suas
1864 3970 2063 4011 omnes
2108 3969 2276 4009 curas
2321 3951 2384 4006 in

172 4035 371 4096 Deum
400 4049 753 4112 exonerent,
814 4052 1081 4119 certoque
1112 4039 1397 4118 praedicit
1433 4038 1627 4096 hostes
1661 4039 1990 4117 perituros,
2049 4055 2233 4114 neque
2264 4055 2384 4093 me·

175 4121 344 4180 dium
383 4126 539 4183 vitae
579 4135 799 4203 tempus
841 4128 1191 4202 expleturos.

354 4206 639 4269 Chaldaea
682 4210 1054 4289 paraphrasis
1094 4210 1388 4267 Psalmttm
1427 4206 1582 4266 hunc
1624 4209 2038 4287 interpretatur
2076 4206 2146 4265 de
2187 4207 2389 4281 eonju-

175 4294 413 4351 ratione
444 4294 774 4368 Absalomi,
817 4297 972 4374 quod
1001 4294 1270 4354 Kimcbio
1304 4305 1532 4372 quoque
1564 4293 1813 4371 aliisque
1839 4291 2235 4351 Hebraeorum
2266 4308 2391 4347 ma-

174 4379 389 4461 gistris
416 4378 654 4456 placuit,
684 4383 786 4460 qui
815 4382 1154 4443 existimant
1177 4379 1463 4443 Davidem
1493 4378 1605 4439 hoe
1632 4396 1864 4441 carmen
1892 4374 2162 4453 edidisse,
2192 4392 2391 4454 quum,
