2747 4800
288 229 769 353 ’27ο’ν
1208 276 1739 366 Ps...40,23

357 451 657 547 tei-prens,
682 466 786 545 qui
808 465 1040 545 quidem
1064 464 1350 525 vaticinia
1372 461 1446 522 de
1468 457 1754 522 Christo'
1732 480 1798 522 ιιι
1815 460 1887 521 V.
1904 460 1979 521 Τ.
2005 459 2256 519 existere
2287 470 2571 536 statuunt,

356 565 550 614 totum
579 551 691 610 hoc
717 570 947 610 carmen
975 551 1048 610 ad
1071 549 1268 610 Jesum
1285 590 1304 624 ,
1343 548 1648 620 Messinm,
1689 548 1972 607 referunt·
2056 546 2213 606 Sunt
2236 555 2465 622 tamen,
2501 559 2571 606 ut

348 641 471 714 jam
520 636 852 695 observavit
891 635 1296 695 Rumam-:aus
1314 677 1333 709 ,
1395 634 1657 711 „quibus
1700 633 2107 709 interpretatio
2153 630 2454 707 Epistulae
2496 635 2570 691 ad

352 722 683 794 Hebraeos,
737 731 805 780 ut
840 723 1150 799 ingeniosa
1188 730 1249 778 et
1293 722 1426 797 pia,
1486 720 1751 776 violenta
1778 727 1972 777 tamen
2002 727 2062 775 et
2092 725 2295 774 coacta
2321 718 2517 776 videtu
2498 738 2570 791 ·r,

353 817 417 865 ct
448 808 637 886 magis
671 806 741 865 de
766 807 979 864 Graeci
1011 808 1347 881 interpretis
1373 803 1774 875 Psalmorum,
1828 821 2002 879 quam
2041 800 2235 859 verbis
2275 804 2430 859 vatis
2471 802 2571 860 de-

218 901 231 914 '
354 892 510 963 duci,
538 900 597 948 et
624 892 752 969 plus
783 891 1023 948 omnino
1060 890 1358 968 colligere,
1390 906 1561 966 quam
1585 885 1780 945 David
1809 886 2017 945 docere
2042 887 2313 944 voluerit.
2314 888 2356 920 ‘⁶
2429 886 2569 959 Alii,

351 978 456 1056 qui
485 977 626 1034 bene
656 975 1082 1053 intelligerent,
1122 984 1471 1047 postremam
1503 973 1775 1030 carminis
1808 981 2030 1048 partem
2072 967 2209 1050 (vs.
2241 969 2567 1049 12-18.)

349 1060 596 1121 Messiae
624 1061 820 1118 minus
847 1061 1192 1131 convenire,
1229 1059 1570 1135 praesertim
1601 1057 1778 1116 verba
1807 1055 1905 1113 Vs.
1938 1059 2032 1114 13.
2017 1095 2068 1129 .,
2123 1073 2269 1132 quae
2301 1065 2570 1132 peccato-

350 1165 482 1205 rum
522 1145 943 1203 confessionem
985 1145 1319 1216 continent,
1361 1142 1514 1201 hanc
1543 1142 1700 1198 viam
1731 1140 2040 1199 ineundam
2073 1152 2461 1214 censuerunt,
2501 1149 2572 1199 ut

351 1231 417 1288 in
446 1232 633 1306 prima
659 1240 719 1286 et
744 1230 949 1286 ultima
973 1227 1189 1286 Psalmi
1222 1239 1386 1304 parte
1413 1226 1696 1284 Davidem
1729 1226 1799 1284 de
1829 1243 1892 1282 se
1920 1226 2084 1302 loqui
2113 1228 2572 1302 statuerent,in

310 1315 539 1374 ‚media
565 1324 758 1373 autem
785 1312 882 1371 Vs.
916 1310 1471 1372 7—11.Messiam
1499 1312 1824 1388 loquentem
1856 1309 2075 1367 induci.
2161 1310 2349 1379 Quam
2385 1312 2574 1369 inter-

352 1399 744 1477 pretationem
785 1399 1017 1458 sobriae
1054 1395 1509 1457 hermeneutices
1544 1397 1703 1473 leges
1732 1396 1838 1453 vix
1869 1395 2203 1453 admittant.
2285 1395 2573 1454 Aecurate

347 1496 409 1543 et
449 1486 683 1563 copiose
724 1481 882 1543 hune
918 1482 1015 1540 Ps.
1044 1484 1363 1555 explicavit
1394 1476 2347 1540 J.D.M1cnu:1.1s:Crieisclaoe
2383 1477 2575 1540 Colle-

344 1571 507 1647 gium
547 1568 693 1627 iiber·
737 1569 834 1626 die
877 1566 1024 1643 drey
1063 1564 1447 1643 wichtigsten
1487 1555 1759 1624 Psalmen
1799 1583 1916 1622 con
1962 1563 2246 1637 Christo,
2314 1563 2426 1622 den
2471 1568 2573 1628 16.

347 1656 452 1712 40.
495 1653 620 1713 und
654 1653 796 1713 110.
841 1646 1036 1710 Frcoi'.
1067 1662 1128 1710 et
1154 1650 1458 1730 Goetting.
1507 1648 1690 1706 1759.
1745 1651 1804 1706 8.
1855 1670 1911 1726 p.
1948 1649 2174 1705 253—
2191 1646 2337 1708 461.
2417 1649 2573 1709 Prae

345 1740 555 1798 ceteris
585 1747 779 1795 autem
806 1736 987 1817 digna
1011 1743 1183 1807 sunt,
1223 1752 1370 1812 quae
1401 1736 1692 1814 legantur,
1735 1752 1882 1810 quae
1911 1742 2034 1792 tum
2067 1732 2137 1790 de
2166 1737 2347 1793 totius
2373 1735 2572 1794 nostri

345 1824 662 1895 carminis,
722 1832 844 1880 tum
887 1823 1187 1898 speciatim
1232 1821 1301 1879 de
1337 1818 1550 1877 Versus
1584 1823 1641 1888 8.
1690 1820 2078 1895 explicatione
2120 1821 2350 1877 monuit
2391 1817 2458 1879 C.
2497 1820 2575 1879 G.

342 1906 651 1967 Humum
689 1909 754 1966 in
780 1903 1227 1984 Bemerkungen
1262 1902 1407 1964 iiber
1435 1901 1657 1962 Stellen
1698 1902 1808 1962 der
1836 1900 2108 1962 Psalmen
2146 1903 2270 1962 und
2298 1901 2577 1978 Genesis,

342 1990 558 2052 Hamb.
600 1994 774 2051 1791.
811 2011 870 2071 p.
902 1992 1002 2050 61.
1007 2010 1155 2070 sqq.

512 2121 572 2177 2.
631 2121 793 2213 „5⁸72
832 2130 1073 2207 ἠὴρ
1059 2111 1191 2206 ffip
1216 2101 1647 2206 Exspectanda
1678 2116 2030 2198 exspectavi
2059 2114 2398 2192 Dominum,
2431 2136 2574 2195 per-

321 2206 530 2274 ‘tinaci
573 2185 791 2263 fiducia
825 2203 940 2262 Dei
982 2224 1143 2282 opem
1186 2189 1570 2281 praestolatus
1612 2221 1759 2261 sum.
1845 2201 2176 2261 infinitivus
2216 2206 2369 2261 enim
2406 2203 2573 2264 haud

338 2308 477 2349 raro
520 2289 702 2348 verbo
748 2307 856 2346 suo
900 2290 1069 2347 finito
1114 2289 1508 2365 praemittitur
1550 2287 1621 2344 ad
1669 2288 1992 2367 augendam
2034 2286 2455 2364 quodammodo
2510 2299 2573 2349 et

340 2372 752 2434 intendendam
780 2374 1284 2454 significationem.
1356 2370 1554 2461 *figuti
1594 2372 1809 2465 wmpq
1845 2369 1961 2437 b&
1993 2383 2111 2453 Ψ]
2138 2371 2224 2432 Et
2253 2373 2574 2433 inclinavit

339 2476 541 2520 aurem
571 2456 756 2538 (quod
787 2477 1000 2517 nomen
1023 2459 1264 2517 subaud.
1289 2476 1363 2516 ex
1391 2439 1485 2514 Pi.
1490 2440 1609 2530 17,
1625 2460 1681 2515 6.
1702 2440 1809 2517 31
1795 2457 1929 2537 ,.3)
1960 2458 2045 2518 ad
2069 2477 2178 2532 me,
2209 2459 2573 2537 audivitque

335 2542 838 2617 vociferationem
879 2561 1080 2602 meam.
1164 2545 1356 2613 Quum
1398 2543 1463 2599 in
1494 2545 1766 2603 maximis
1799 2545 1970 2605 malis
2005 2541 2301 2618 haereret,
2357 2563 2420 2602 se
2463 2547 2572 2605 in-

340 2629 503 2687 ducit
544 2629 707 2687 velut
746 2647 821 2687 ex
859 2628 1152 2707 profundo
1197 2629 1273 2687 ad
1313 2626 1505 2685 Deum
1544 2628 1992 2701 vociferantem,
2052 2638 2112 2687 et
2146 2626 2369 2703 Deum,
2427 2647 2573 2691 cum

342 2729 512 2787 opem
550 2713 726 2785 tulit,
762 2714 950 2790 quasi
996 2732 1071 2773 ex
1115 2715 1239 2772 alto
1284 2732 1347 2771 se
1396 2710 1470 2769 ad
1510 2714 1704 2789 ipsum
1747 2714 2080 2789 demisisse,
2136 2722 2198 2771 et
2239 2731 2441 2774 aurem
2488 2712 2573 2775 ad

336 2797 820 2858 vociferationem
860 2817 1026 2859 suam
1063 2799 1392 2859 inclinasse.

508 2926 568 2984 3.
653 2923 746 2984 Ad
782 2929 1088 2999 malorum,
1124 2925 1190 2984 in
1218 2927 1428 3003 quibus
1455 2924 1659 3001 fuerit,
1698 2925 2159 3008 magnitudinem
2190 2944 2572 3007 exaggeran-

337 3011 472 3073 dam
508 3008 686 3085 facit,
740 3012 897 3091 quod
935 3011 1109 3069 dicit.
1168 3010 1325 3100 rim&
1368 3012 1531 3073 ''l‘lzm
1582 3008 1795 3102 ἱΰέξξζ
1830 3011 2207 3071 Adscendere
2249 3030 2338 3068 me
2360 3012 2569 3089 fecit,

334 3097 541 3157 eduxit
572 3114 695 3169 me,
736 3115 770 3154 e
804 3104 995 3174 puteo
1036 3080 1373 3174 strepitus,
1421 3095 1477 3153 1).
1509 3116 1562 3154 e.
1606 3078 1679 3153 de
1713 3109 1888 3175 puteo
1922 3106 2085 3155 aestu
2116 3099 2569 3178 agitationeqne

332 3198 616 3259 aquarum
645 3190 1060 3258 perstrepente.
1146 3180 1251 3239 Sic
1286 3182 1444 3239 enim
1478 3179 1669 3268 Ῑῆκῑύ,
1711 3184 1868 3259 quod
1908 3184 1973 3240 in
2012 3183 2347 3240 universum
2388 3191 2568 3241 stre-

321 3269 563 3347 pitum,
609 3266 917 3323 tumultum
958 3265 1238 3338 denotat,
1282 3265 1352 3324 de
1385 3283 1665 3343 aquarum
1695 3269 2069 3345 strepentium
2101 3267 2299 3325 sonitu
2332 3265 2570 3331 dicitur

334 3367 565 3430 quoque
607 3348 712 3423 65,
744 3352 807 3410 8.
855 3348 972 3408 Jes.
1009 3353 1107 3424 17,
1142 3351 1368 3412 12.13.
1453 3352 1606 3424 Alii,
1665 3348 1805 3409 huic
1843 3353 2068 3409 nomini
2113 3349 2249 3408 1).1.
2293 3353 2564 3411 nominis

331 3434 511 3497 ΐτὲεῆτύ
554 3431 992 3495 devastationis
1031 3432 1193 3515 (vid.
1239 3433 1335 3492 Ps.
1382 3433 1498 3508 35,
1533 3432 1631 3515 8.)
1678 3437 2165 3517 significationem
2204 3435 2568 3511 tribuentes,

328 3528 511 3603 Ῥω
527 3525 645 3579 '772
674 3530 916 3580 vertunt
937 3518 1193 3593 foveam
1220 3518 1534 3578 interitus.
1603 3521 1706 3580 Sic
1733 3521 2193 3580 Alexandrinus.
2225 3522 2291 3582 ἐκ
2317 3514 2569 3584 λάκκου

330 3601 773 3681 ταλαιπωρίας,
815 3628 848 3666 e
885 3606 1019 3663 lacu
1057 3607 1350 3662 miseriae.
1423 3604 1553 3664 Sed
1584 3608 1823 3664 minime
1856 3624 2085 3664 necesse
2119 3616 2228 3680 est,
2271 3608 2568 3666 usitatam

329 3691 524 3747 nostri
569 3697 727 3771 Tium
777 3694 1079 3766 notionem
1132 3690 1188 3748 h.
1237 3689 1284 3746 1.
1331 3690 1595 3766 linquere
1651 3687 1858 3768 (quam
1906 3695 2090 3769 ipsam
2134 3710 2208 3750 ex
2253 3691 2564 3749 veteribus

327 3773 649 3832 Chaldaeus
691 3778 869 3835 etiam
915 3786 975 3833 et
1018 3775 1412 3852 Hieronymus
1453 3774 1925 3854 expresserunt),
1988 3777 2327 3852 praesertim
2370 3790 2566 3852 quum

327 3861 642 3940 imaginem
673 3861 1018 3918 vividior-em
1051 3861 1220 3919 nobis
1243 3862 1433 3917 sistat.
1486 3859 1700 3918 Statim
1728 3863 1976 3919 similem
2003 3863 2315 3941 imaginem
2343 3858 2564 3920 addit:

326 3952 427 4033 '32'
430 3955 476 4003 τι
517 3956 594 4004 r:
601 3956 695 4026 ¹³⁷?
739 3963 771 4000 e
812 3943 937 4001 luto
981 3947 1172 4018 coeni,
1231 3944 1287 4002 1).
1322 3960 1371 4002 e.
1415 3943 1484 4004 de
1524 3948 1649 4003 luto
1673 3949 1934 4004 maxime
1971 3945 2292 4024 profund03
2351 3947 2562 4022 signi-

325 4013 522 4087 ficatio
568 4030 723 4087 enim
783 4029 1111 4088 intenditur
1154 4038 1617 4107 synonymorum
1662 4022 2093 4105 conjunctione.
2182 4029 2412 4088 Nomen
2451 4039 2564 4120 722

324 4122 558 4190 praeter
597 4112 651 4169 1).
684 4115 720 4169 l.
762 4122 986 4170 tantum
1031 4125 1224 4172 exstat
1262 4116 1366 4188 69,
1398 4116 1503 4189 3.,
1563 4134 1669 4172 nec
1711 4114 1926 4175 habent
1966 4115 2115 4173 illud
2152 4123 2377 4173 ceterae
2410 4131 2559 4174 cum

324 4200 530 4277 lingua
560 4195 804 4256 hebraea
834 4208 1117 4273 cognatae
1147 4199 1400 4256 dialecti.
1463 4202 1653 4269 Quum
1687 4209 1880 4258 tamen
1911 4199 2345 4259 Alexandrinus
2373 4208 2588 4256 utro--

324 4282 499 4359 bique
529 4279 689 4354 ἴλυν,
732 4280 1020 4361 vulgatus
1050 4292 1108 4339 ct
1134 4281 1526 4360 Hieronymus
1551 4287 1673 4359 jam
1697 4284 1977 4358 faecem,
2014 4287 2135 4360 jam
2162 4284 2381 4355 lutum,
2418 4283 2559 4355 jam

322 4382 600 4440 coenum,
652 4377 714 4426 et
743 4365 1064 4428 Chaldaeus
1098 4376 1303 4428 nostro
1334 4370 1467 4430 loco
1503 4388 1743 4434 coenan
1780 4378 2052 4447 vertant3
2112 4370 2321 4431 horum
2354 4370 2561 4427 inter-

1138 4478 1147 4523 l
