2747 4800
721 287 845 357 Pe.
886 282 1001 373 58,
1055 308 1167 356 ιι.
1211 303 1319 351 12.
1402 285 1527 356 Ps·
1562 282 1683 374 59,
1732 302 1790 349 1.
2126 281 2129 282 ⁷
2205 290 2357 362 369

153 461 387 530 tatione
427 487 550 527 non
586 470 776 529 solum
805 470 1020 548 reliqui
1050 478 1273 530 veteres
1290 508 1311 544 ,
1347 466 1450 526 sed
1476 467 1648 527 etiam
1677 468 2065 531 recentiorum
2089 478 2366 538 nonnulli

152 564 496 633 sequuntur.

337 655 435 711 11.
522 651 884 712 Laetabitur
934 653 1109 731 pius,
1175 651 1309 711 dum
1353 650 1505 710 hanc
1545 652 1824 712 ultionem
1860 655 2060 731 videt,
2114 676 2395 744 gressus⁴
2481 710 2488 720 .

155 757 297 799 snos
334 736 562 796 lavabit
603 740 667 795 s‘n
697 738 990 816 sanguine
1019 737 1368 817 impiorum3
1412 738 1642 802 videtur
1671 739 1885 799 allusio
1915 759 2039 800 esse
2069 744 2143 803 ad
2173 747 2365 805 victo-

154 827 307 882 rism
336 824 670 895 militarem,
709 824 811 882 ubi
839 823 1090 880 victores
1117 822 1443 880 necessario
1472 821 1640 900 pedes
1668 841 1805 892 suos
1835 836 2059 902 ponunt
2093 838 2198 887 aut
2224 833 2366 910 gra‘-

155 907 444 966 diuntur
425 927 489 964 ιιι
519 908 802 987 sanguine
835 906 1120 980 hostium,
1159 924 1288 964 cum
1320 909 1533 982 passim
1563 915 1721 976 terra
1749 910 1830 966 sit
1860 929 2068 968 cruore
2095 921 2367 974 contecta

153 1011 397 1094 cumque
425 991 714 1070 fugientes
745 1001 1168 1069 persequuntur
1198 1006 1267 1048 ac
1296 990 1574 1064 caedunt,
1635 1009 1881 1070 quorum
1911 996 2199 1075 sanguine
2232 1001 2365 1059 viae

152 1080 368 1160 passim
412 1078 898 1134 contaminantur.

325 1178 422 1235 12.
509 1172 714 1261 1:³32}
753 1209 816 1220 -
857 1179 1060 1273 Ἷηιέἥ
1103 1178 1296 1255 Atque
1342 1175 1506 1236 dicet
1548 1172 1710 1236 homo
1755 1178 2034 1256 quilibet,
2091 1181 2360 1241 omnibus

152 1273 277 1322 tum
321 1209 618 1319 fatendum
654 1262 797 1334 erit,
845 1248 1057 1339 utique'
1074 1262 1334 1336 fructus
1372 1271 1466 1319 est
1490 1262 1639 1355 pio,
1704 1281 1821 1321 non
1855 1264 2070 1341 sbsque
2100 1268 2360 1341 praemio

151 1356 352 1406 manet
379 1347 601 1416 virtus,
656 1358 845 1435 nrt:
878 1377 951 1389 —
984 1358 1077 1433 27&
1117 1348 1321 1423 utique
1361 1343 1526 1404 Deus
1553 1341 1753 1420 judex
1796 1348 1860 1405 in
1904 1357 2108 1422 terra,
2167 1346 2359 1410 Deum

152 1434 440 1503 existere,
488 1431 588 1507 qui
620 1413 898 1506 judicium
945 1441 1231 1490 exerceat.
1321 1430 1467 1490 Cum
1500 1432 1735 1489 nomine
1769 1428 2021 1522 lambet,
2075 1435 2359 1492 termina-

150 1517 310 1575 tione
342 1515 589 1591 plurali,
651 1517 1024 1593 conjungitur
1054 1526 1111 1574 et
1141 1514 1390 1573 Plurslis
1423 1511 1680 1605 niuniu,
1735 1525 1804 1573 ut
1831 1515 1949 1574 Jos.
1952 1499 2080 1589 ”24,
2100 1518 2196 1575 19.
2240 1536 2359 1576 non

141 1603 415 1680 potestis
455 1596 666 1656 Jovam
706 1600 918 1672 colere,
964 1603 1066 1661 &²12
1049 1596 1274 1687 ,τ’-διε
1319 1611 1444 1662 &737
1488 1580 1688 1689 nav-15>
1739 1605 1808 1661 tl
1784 1559 2099 1683 [ibes-'3
2142 1590 2371 1660 etenim'

151 1681 317 1742 Deus
357 1682 771 1742 sanctissimus
806 1696 930 1751 est,
976 1682 1142 1742 Deus
1182 1683 1459 1742 aemulus.
1543 1684 1634 1742 lta
1662 1666 1721 1741 et
1746 1665 1955 1741 verbu?
1972 1686 2211 1759 pluralis
2243 1704 2356 1745 nu-

150 1771 296 1827 meri
335 1765 607 1848 jungitur
649 1769 793 1827 Gen.
830 1771 935 1838 20,
967 1771 1066 1826 13.
1107 1770 1231 1839 37,
1263 1769 1320 1827 5.
1381 1768 1597 1827 2Sam·
1625 1771 1687 1841 7,
1703 1769 1817 1828 23.
1898 1769 2355 1844 Alexandrinus,

149 1871 315 1930 quem
347 1853 573 1927 sequuti
600 1864 738 1911 sunt
759 1853 1043 1934 vulgatus
1069 1863 1129 1909 et
1159 1810 1365 1928 Sinus,
1398 1856 1594 1928 posuit
1626 1850 1658 1913 ὀ
1668 1808 1841 1922 ’Θεὸς
1873 1854 2087 1916 κρίνων
2115 1848 2357 1930 αὖτοὺς,

150 1956 215 1996 sc
240 1939 295 1995 si
331 1932 523 1997 nuni&
553 1934 768 2032 wlff'btg
791 1938 1050 2021 legisset,
1089 1947 1155 1996 ut
1187 1937 1279 1997 Pa.
1297 1939 1401 2028 53,
1422 1938 1473 1996 Ι.
1517 1933 1732 2033 1:³an
1764 1931 1971 2031 ’ῦςῦὶὐ
2004 1937 2268 2001 habetur·

1117 2101 1171 2187 Ῥ
1187 2147 1238 2189 s.
1281 2125 1381 2187 59.

115 2295 126 2302 ⁴
316 2221 526 2298 Preces
560 2226 821 2286 continet
853 2246 959 2303 pro
987 2229 1076 2287 sui
1108 2227 1547 2288 conservatione
1578 2230 1648 2289 ab
1677 2226 1940 2308 hostibus
1974 2211 2197 2305 impiis,
2249 2231 2353 2307 qui

142 2322 372 2390 poetam
401 2313 530 2368 sinc
561 2328 732 2368 causa
762 2325 1241 2391 persequerentur
1270 2325 1329 2372 et
1354 2315 1591 2391 perdere
1622 2314 1936 2375 studerent.
1996 2334 1998 2337 ’
2024 2311 2134 2371 His
2163 2314 2352 2394 igitur

143 2396 476 2456 hominibus
505 2395 909 2472 perditissimis
938 2418 1150 2476 poenas
1180 2400 1408 2458 divinas
1439 2399 1806 2476 imprecatur,
1848 2398 1962 2457 sibi
1986 2417 2125 2457 vero
2156 2396 2352 2457 defen·-
2443 2432 2450 2442 ·

142 2484 368 2540 sionem
404 2491 463 2537 et
487 2481 889 2540 liberationem
923 2502 996 2542 ex
1032 2484 1296 2542 omnibus
1329 2486 1604 2585 periculis
1635 2484 1845 2542 fiducia
1881 2494 2036 2541 certa
2072 2485 2133 2540 in
2158 2480 2350 2543 Deum

141 2567 319 2624 nixus
348 2566 679 2642 pollicetur.
733 2563 982 2644 Tempus
1018 2580 1076 2627 et
1108 2572 1336 2626 occasio
1366 2571 1638 2626 carminis
1665 2566 1919 2627 indicata
1947 2575 2036 2624 est
2067 2564 2167 2624 Vs.
2190 2569 2248 2624 1.

319 2667 374 2722 1.
460 2667 563 2727 'ln
540 2660 699 2728 trib
739 2696 813 2710 —
847 2663 1029 2762 ἵζ’ὲώει
1065 2666 1220 2726 Dum
1253 2670 1524 2725 mitteret
1553 2666 1768 2726 Saulus
1803 2668 2073 2727 videlicet
2110 2663 2351 2762 ΏἿΠύῖῥ
2395 2660 2409 2671 ’

141 2750 490 2808 emissarios
533 2730 912 2829 (supplendus
949 2736 1326 2812 Accusativus
1365 2773 1442 2812 cx
1485 2754 1697 2825 verbo,
1756 2763 1823 2809 ut
1858 2750 2004 2808 Coh.
2036 2750 2099 2823 6,
2132 2751 2196 2809 3.
2245 2735 2347 2812 Pa’.

146 2837 247 2908 13,
278 2837 340 2890 4.
386 2836 517 2893 coll.
560 2833 767 2893 Jerem.
803 2836 906 2908 51,
940 2840 1039 2898 39.
1074 2838 1175 2895 57.
1184 2833 1245 2914 ),
1303 2844 1375 2892 ut
1415 2836 1792 2893 custodirent
1837 2835 2059 2897 domum
2100 2833 2185 2892 ad
2220 2851 2351 2893 eum

140 2877 644 2990 infer-ficientium.
729 2915 995 2978 Historia
1025 2922 1243 3001 legitur
1282 2919 1490 2979 lSam.
1522 2920 1620 2990 19,
1653 2920 1748 2976 11.
1830 2918 2055 2976 Furore
2096 2918 2349 2995 quodam

138 3004 499 3061 invidentiae
536 3002 747 3062 Saulus
779 3014 1140 3062 transversus
1170 3013 1367 3077 actus,
1417 3021 1531 3079 qua
1556 3005 1724 3077 jure,
1765 3020 1950 3079 quave
1977 3001 2193 3073 injuria
2219 2997 2348 3059 Da·

136 3085 332 3143 videm
368 3104 399 3142 e
427 3086 613 3144 medio
647 3087 849 3143 tollere
881 3088 1229 3146 decreverat.
1316 3090 1505 3157 Quum
1548 3088 1733 3166 igitur
1770 3094 1929 3142 certo
1969 3082 2215 3160 quodam
2254 3085 2348 3144 dia

135 3169 337 3229 David
378 3180 528 3227 esset
565 3171 625 3227 in
659 3168 825 3227 Sauli
862 3172 1162 3244 cubiculo,
1219 3183 1279 3228 ct
1311 3173 1372 3229 in
1403 3174 1524 3247 ejus
1556 3178 1865 3246 conspectu
1901 3166 2182 3226 citharam
2213 3171 2346 3247 pul·-

136 3264 332 3325 saret3
378 3255 639 3329 princeps
671 3253 802 3326 ille,
844 3256 1038 3312 subito
1069 3256 1312 3333 quodam
1344 3265 1405 3314 et
1437 3253 1906 3314 extraordinario
1936 3254 2120 3311 veluti
2146 3263 2345 3312 oestro

136 3340 435 3415 percitus,
495 3337 721 3397 hastam
759 3340 1043 3415 arripuit,
1101 3351 1179 3397 et
1189 3359 1312 3399 cam
1341 3342 1402 3398 in
1435 3338 1714 3397 Davidem
1744 3354 1956 3417 magna
1987 3337 2049 3394 vi
2085 3338 2344 3408 intonit,

136 3441 417 3499 sperans,
471 3433 566 3479 ut
565 3416 648 3478 eo
687 3422 803 3478 ictu
849 3423 921 3481 ad
963 3426 1239 3501 parietem
1279 3425 1677 3483 transadactus
1717 3422 2063 3501 affigeretur.
2147 3419 2344 3482 David

138 3506 306 3580 ictu,
347 3508 464 3564 levi
499 3506 758 3581 corporis
797 3507 1210 3580 inclinatione,
1254 3510 1544 3579 devitato,
1586 3510 1870 3580 excessit,
1929 3515 1988 3561 et
2018 3508 2080 3563 in
2112 3507 2342 3564 domum

137 3610 303 3649 suam
339 3610 402 3648 se
437 3591 685 3666 recepit,
726 3601 890 3648 ratus
920 3591 1086 3665 fore,
1138 3603 1207 3651 ut
1239 3612 1465 3651 omnem
1501 3591 1572 3651 dc
1599 3592 1832 3649 absente
1865 3589 2083 3649 Saulus
2113 3591 2343 3675 cogita

137 3677 361 3734 tionem
404 3674 688 3747 abjiceret.
771 3673 853 3732 At
890 3677 995 3733 illa
1031 3679 1309 3753 principis
1348 3677 1567 3736 efferati
1597 3677 1786 3734 rabies
1825 3693 1942 3733 non
1984 3670 2337 3733 consederat.

133 3758 304 3817 Misit
336 3777 477 3838 ergo
506 3760 604 3816 ille
632 3761 934 3834 satellites,
966 3763 1068 3838 qui
1096 3762 1203 3818 sub
1234 3780 1525 3838 vesperam
1558 3765 1786 3820 denium
1818 3758 2063 3819 Deviclis
2094 3761 2342 3817 circum-

133 3844 382 3915 darent,
441 3854 500 3901 et
535 3843 722 3918 ipsum
747 3861 915 3903 mane
943 3857 1243 3904 exeuntem
1278 3848 1635 3924 corriperent
1666 3862 1736 3901 ac
1771 3842 2152 3902 trucidarent.
2225 3839 2338 3899 Ve-

131 3947 264 3985 rum
298 3946 427 3985 cum
458 3925 702 4001 Michal,
742 3929 865 4002 ejus
893 3948 1078 4001 uxor,
1120 3928 1366 3988 iusidias
1398 3930 1928 3999 animadvertisset,
1977 3945 2185 4005 easque
2216 3942 2341 3985 ma-

132 4014 251 4070 rito
293 4013 639 4085 indicasset,
694 4016 967 4072 convenit
996 4015 1154 4071 inter
1185 4032 1284 4072 eos
1315 4013 1385 4072 de
1417 4015 1668 4072 ineundo
1701 4014 1980 4086 consilio,
2038 4014 2199 4086 cujus
2230 4026 2339 4087 ope

129 4097 230 4154 ille
263 4097 607 4155 elaberetur.
687 4094 943 4156 Demisit
981 4118 1122 4178 ergo
1167 4117 1229 4155 se
1269 4096 1462 4156 David
1503 4114 1606 4171 per
1642 4099 1948 4156 fenestram
1990 4096 2339 4170 clanculum,

126 4183 442 4256 adJuvante
468 4199 685 4254 uxore,
737 4201 852 4259 quo
883 4182 1036 4241 facto
1069 4185 1288 4250 evasit3
1348 4193 1409 4241 et
1442 4192 1511 4240 ut
1546 4184 1777 4261 longius
1811 4178 2082 4260 progredi
2124 4191 2338 4256 posset,

126 4284 302 4341 quam
342 4277 413 4323 ut
451 4269 764 4338 astellites,
818 4283 947 4325 eum
987 4269 1393 4342 insequentes,
1448 4277 1919 4346 assequerentur,
1978 4281 2076 4339 cos
2118 4262 2337 4324 Michal

124 4368 295 4407 mane
337 4352 402 4407 in
452 4349 685 4411 domum
735 4364 794 4409 et
840 4353 906 4410 iu
950 4352 1276 4412 cubiculum
1318 4351 1564 4414 Davidis
1613 4349 2015 4423 introductos,
2079 4348 2335 4409 artificis

197 4432 440 4491 Psalmi.
1582 4439 1633 4499 A
1664 4456 1698 4494 a
