2747 4800
361 257 515 334 606
843 242 850 251 ⁴
927 352 930 355 Δ
1007 256 1495 383 Ps.t18‚27.
1606 261 1927 349 Ps.119.

359 448 717 511 Chaldaeus:
731 445 947 524 ligato
992 462 1206 522 agnum
1243 441 1308 500 in
1349 441 1723 517 sacrficium
1746 416 1921 544 festi
1960 445 2215 522 catenis,
2252 446 2438 505 donec
2474 467 2581 509 sa-

351 533 800 607 crificaveritis
841 549 1001 602 eum,
1064 536 1127 585 et
1184 529 1598 607 imper-seritis
1650 532 1989 607 sanguinem
2039 550 2174 605 ejus
2228 531 2292 589 in
2348 552 2580 592 cornua

366 619 609 678 altaris.
690 616 918 675 Nomen
961 615 1170 702 2:³th
1208 613 1554 673 Chaldaeum
1594 626 1831 690 apparet
1862 625 2019 674 recte
2045 616 2300 688 funium
2340 618 2578 697 signifi-

368 705 599 761 catione
632 702 936 776 accepisse,
984 717 1097 775 qua
1128 710 1187 756 et
1216 696 1312 755 Ps.
1340 698 1402 770 2,
1429 700 1487 755 3.
1524 696 1774 772 Jud.15,
1800 701 1891 756 13.
1933 701 2037 759 Ez.
2063 703 2123 771 3,
2150 699 2251 759 25.
2295 706 2576 761 occurrit.

319 788 323 797 ’
367 787 497 849 Alii
523 805 684 859 vero,
723 785 1116 844 Alexandrino
1146 793 1405 855 auctore,
1442 802 1638 841 ramos
1678 783 1888 842 densos
1926 787 2299 865 intelligunt,
2341 787 2416 844 de
2446 788 2577 864 qui·-

363 874 474 933 bus
523 873 680 938 5³:129
726 869 965 942 Ez.10‚
1004 868 1099 924 11.
1158 869 1262 940 20,
1293 868 1393 925 28.
1447 869 1550 942 31,
1579 869 1636 936 3
1671 870 1904 928 10.14.
1987 872 2177 946 Atque
2229 869 2292 926 hi
2343 871 2580 947 quidem

368 974 597 1016 sensum
640 933 863 1010 faciunt
899 952 1084 1010 hunc:
1147 951 1366 1030 ligate,
1423 952 1461 1010 i.
1492 971 1539 1009 e.
1584 951 1881 1027 redimite,
1927 966 2131 1012 ornate
2156 954 2577 1026 sestavitatem

366 1040 520 1100 hanc
558 1037 892 1113 frondibus
948 1057 1049 1114 per
1102 1041 1316 1094 atrium
1363 1038 1616 1093 sacrarii
1670 1057 1851 1115 usque
1910 1041 1992 1098 ad
2045 1057 2271 1096 cornua
2328 1039 2609 1113 altaris„

370 1127 537 1204 quale
582 1122 721 1201 quid
762 1124 826 1178 in
865 1122 1013 1179 festo
1050 1123 1566 1179 tabernaculorum
1601 1125 1953 1206 praecipitur
1995 1124 2131 1181 lev.
2157 1108 2259 1196 23,
2287 1127 2397 1181 40.
2443 1126 2579 1182 coll.

253 1235 266 1241 ¹
365 1209 512 1272 Neb.
546 1212 605 1284 8,
632 1206 728 1266 15.
811 1205 969 1265 Hinc
999 1206 1241 1264 Lutheri
1271 1207 1711 1282 interpretatio:
1749 1205 2041 1266 Schmiicl
2043 1218 2104 1263 et
2144 1208 2250 1266 das
2281 1206 2436 1266 Fest
2467 1210 2581 1266 mit

364 1293 599 1371 Μα3]οη.
683 1293 832 1351 Alii.
888 1302 1167 1348 exornate
1219 1291 1426 1348 festum
1476 1289 1633 1348 hune
1688 1293 1838 1349 diem
1886 1292 2215 1366 fasciculis
2255 1292 2582 1365 frondium

305 1399 311 1406 ·
365 1378 663 1459 agitandis
701 1394 884 1452 usque
930 1375 1012 1433 ad
1046 1393 1273 1433 cornua
1315 1375 1552 1434 altar-5⁸4
1642 1375 1744 1434 Sic
1777 1379 1928 1436 enim
1961 1380 2025 1435 in
2062 1376 2202 1435 Cod.
2230 1377 2582 1438 Talmudico

364 1460 640 1521 Succak:
700 1461 966 1539 agitatio
1018 1462 1409 1537 s..quassatio
1443 1459 1890 1533 fasciculorum
1943 1462 2061 1519 fuit
2104 1461 2474 1520 dextrorsum
2524 1474 2585 1521 et

365 1550 788 1620 sinistrorsum,
808 1562 1060 1604 'sursum
1088 1557 1149 1602 et
1177 1547 1467 1616 deorsum,
1504 1563 1681 1620 quum
1711 1548 1894 1618 altare
1920 1549 2395 1604 circumiverunt.
2467 1546 2584 1606 cui

364 1633 840 1707 interpretationi
881 1640 1037 1687 reete
1080 1632 1350 1705 opposuit
1385 1629 1858 1687 [ιΑεΚεΜΑειιειι
1902 1633 1964 1688 ἰιι
1997 1628 2344 1689 Observatt.
2378 1629 2583 1690 Philo·

365 1716 523 1817 logg-
561 1715 627 1774 Ρ.
659 1715 758 1773 111.
800 1715 1046 1773 Observ.
1082 1716 1138 1771 l.
1120 1754 1173 1785 .,
1225 1715 1412 1790 primo
1446 1712 1706 1788 quidem,
1746 1715 1984 1772 verbum
2025 1726 2167 1777 “uvae
2201 1714 2412 1791 ligare,
2454 1735 2581 1775 non

362 1802 486 1860 nisi
519 1809 714 1859 coacte
748 1817 1045 1857 exornare
1084 1800 1366 1874 explicari
1405 1813 1604 1881 posse,
1665 1798 1870 1857 deiude
1899 1819 2075 1869 vero,
2132 1785 2238 1857 ι”ἰι
2277 1800 2581 1861 dimidiam

362 1886 568 1943 altaris
629 1885 994 1942 altitudinem
1057 1884 1351 1962 attingere
1415 1885 1671 1960 potuisse
1723 1886 2145 1955 circumeuntes
2195 1887 2376 1947 ramis
2432 1888 2583 1960 suis,

361 1969 817 2047 sesquieubitum
849 1977 919 2024 ut
943 1969 1255 2042 plurimum
1285 1969 1501 2046 longis,
1542 1967 1751 2025 nedum
1783 1987 2023 2040 cornua,
2066 1967 2127 2025 in
2159 1988 2380 2026 summa
2411 1983 2583 2044 parte

362 2054 682 2126 collocata,
723 2071 882 2112 nono
923 2072 958 2109 a
987 2051 1363 2110 fundamento
1392 2051 1611 2110 cubito.
1693 2053 1820 2128 Ipse
1855 2073 1993 2111 vero
2026 2051 2449 2111 Laekemaeher
2480 2075 2583 2112 re-

289 2140 301 2153 *
362 2137 722 2216 spiciendum
762 2139 990 2215 putavit
1021 2138 1096 2195 ad
1133 2138 1296 2194 illum
1338 2155 1593 2208 morem,
1648 2154 1762 2212 quo
1803 2141 2210 2221 σκηνοπηγίας
2254 2137 2403 2196 festo
2444 2159 2584 2216 per-

363 2223 536 2302 longi
568 2224 813 2281 salieum
844 2222 993 2281 rami
1025 2223 1242 2281 circum
1277 2222 1461 2281 altare
1497 2223 1920 2295 statuebantur,
1944 2225 2143 2299 ipsam
2178 2240 2338 2281 aram
2372 2225 2582 2283 altitu-

365 2304 501 2364 dine
529 2325 635 2365 sua
665 2317 999 2384 aequantes,
1040 2309 1240 2365 sinon
1267 2315 1628 2380 superantes
1695 2305 1938 2383 *Ligure
1961 2308 2205 2379 sescum
2244 2307 2434 2367 ramis
2472 2328 2580 2385 per

361 2388 714 2472 hypallagen
746 2389 1032 2467 quandam
1070 2391 1286 2449 dictum
1319 2390 1616 2448 existimat
1647 2410 1788 2466 pro:
1829 2388 2051 2470 ligare,
2081 2392 2334 2470 alligare
2372 2412 2578 2453 ramos

283 2481 289 2492 ’
365 2477 430 2532 in
458 2474 679 2549 festo,·
734 2483 804 2533 ut
836 2476 1021 2552 igitur
1049 2472 1191 2533 haec
1217 2478 1298 2532 sit
1326 2480 1525 2533 nostri
1553 2476 1666 2532 loci
1699 2481 2017 2535 sententia:
2068 2476 2288 2551 afferte,
2328 2489 2399 2537 ut
2422 2480 2579 2539 nihil

365 2557 516 2618 desit
555 2561 923 2632 solennitati,
981 2577 1153 2635 quam
1192 2560 1576 2633 celebramus,
1624 2578 1817 2619 ramos
1851 2564 2124 2621 arborum
2155 2562 2364 2624 denses
2399 2566 2581 2623 altari

361 2644 724 2724 alligandos,
778 2661 986 2720 eosque
1024 2655 1142 2702 tam
1182 2661 1491 2719 proceros,
1548 2654 1617 2702 ut
1650 2643 1725 2702 ad
1752 2646 1955 2706 altaris
1978 2666 2158 2723 usque
2188 2666 2408 2707 cornua
2438 2669 2579 2724 per·
2680 2715 2685 2720 ,

363 2730 618 2819 tingant.
674 2726 1045 2787 Mirandum
1099 2739 1226 2799 est,
1300 2725 1824 2789 Lackemaeherum
1876 2749 2015 2790 suae
2069 2734 2577 2808 interpretationis

351 2821 672 2890 ,ραιιοιιιιιιι
721 2832 844 2876 ιιοιι
884 2816 1147 2872 attulisse
1188 2813 1682 2887 Alexandrinum,
1741 2817 1845 2892 qui
1885 2816 2060 2875 verba
2104 2826 2307 2875 nostra
2348 2820 2437 2876 sic
2485 2829 2578 2877 est

339 2899 806 2998 interpretatus.
835 2893 1235 3001 συστήσασθαι
1264 2897 1482 2977 ἑορτὴν
1509 2899 1573 2960 ἐν
1606 2908 1733 2973 τοῖς
1759 2895 2127 2974 πυκάζουσιν
2152 2897 2265 2976 (sc.
2296 2896 2577 2978 κλάδοις)

361 2972 477 3054 ἕως·
530 3006 651 3046 των
705 2978 974 3064 κεράτων
1026 3009 1140 3048 του
1186 2985 1660 3065 θυσιαστηρίου.
1745 2984 1862 3045 sed
1906 2987 2138 3063 ligandi
2192 2988 2372 3048 verbo
2424 2990 2582 3049 nihil

333 3057 548 3146 'aptius
592 3087 717 3129 esse
759 3079 951 3144 potest
974 3069 1271 3144 funibus,
1344 3088 1491 3146 quae
1539 3078 1629 3129 est
1670 3072 1924 3129 nominis
1966 3075 2178 3159 naz-323³
2218 3074 2579 3153 significatio

353 3155 590 3213 usitata.
677 3152 1090 3230 Commodum,
1148 3172 1219 3214 ea
1266 3153 1578 3233 adoptata,
1638 3157 1835 3215 nostri
1872 3158 1991 3214 loci
2030 3175 2260 3218 sensum
2300 3161 2579 3233 existere,

357 3254 533 3315 supra
576 3240 848 3299 vidimus.

1297 3358 1416 3444 1²³.
1481 3386 1620 3444 119.

526 3488 597 3549 ln
620 3489 776 3549 hune
808 3490 1103 3552 Psalmum
1131 3496 1299 3552 varia
1325 3501 1604 3576 congesta
1629 3505 1786 3568 sunt,
1831 3515 1974 3574 quae
2006 3497 2079 3555 ad
2108 3499 2379 3573 pietatem
2413 3500 2577 3558 alen-

355 3571 486 3632 dam
531 3586 592 3632 et
633 3578 1082 3638 confirmandam
1124 3580 1389 3653 faciunt,
1455 3581 1659 3658 hicque
1714 3599 1922 3658 scopus
1966 3594 2056 3639 est
2102 3586 2357 3642 auctoris
2402 3603 2579 3659 prae-

353 3660 592 3746 eipuus,
641 3672 710 3719 ut
750 3662 984 3736 doceat,
1040 3665 1261 3722 beatam
1299 3668 1482 3724 vitam
1512 3668 1575 3724 in
1609 3665 2011 3724 observatione
2042 3658 2373 3726 divinorum
2406 3687 2578 3745 prae-

353 3754 650 3820 ceptorum
706 3764 829 3806 esse
882 3751 1149 3824 positam.
1235 3751 1428 3818 Quare
1478 3759 1744 3828 precatur
1787 3748 2007 3824 Deum,
2081 3761 2147 3808 ut
2197 3754 2454 3810 animum
2496 3752 2574 3812 ad

356 3827 740 3901 obedientiam
782 3833 903 3889 suis
947 3833 1168 3913 legibus
1210 3837 1378 3907 plene
1417 3835 1776 3912 perfecteque
1814 3835 2219 3911 praestandam
2259 3838 2375 3913 ipsi
2421 3857 2572 3896 eou-

239 3987 242 3990 .
349 3910 577 3988 firmet,
621 3925 794 3993 atque
832 3915 973 3974 adeo
1005 3926 1244 3991 caveat,
1284 3930 1349 3977 ut
1382 3940 1455 3977 ne
1489 3921 1625 3976 ullis
1654 3919 1824 3977 malis
1857 3931 1915 3977 et
1946 3920 2385 3994 formidinibus,
2429 3923 2572 3981 ullis

350 3996 640 4059 illecebris
679 4011 737 4057 et
778 4002 1158 4059 irritamentis
1192 4003 1265 4061 ad
1306 4002 1843 4085 transgrediendum
1884 4025 1981 4063 eas
2023 4006 2246 4082 impelli
2285 4009 2472 4081 possit
2510 4019 2573 4065 et

351 4080 607 4141 incitari.
705 4087 930 4153 Quibus
976 4090 1284 4146 continuae
1329 4107 1524 4164 preces
1573 4090 2034 4162 interseruntur,
2104 4100 2173 4149 ut
2220 4087 2381 4150 Deus
2432 4112 2572 4150 enm

347 4177 684 4240 conservet,
725 4173 1046 4248 eripiatque
1078 4192 1109 4230 e
1140 4173 1474 4232 conditione
1507 4176 1749 4246 misera,
1792 4174 1852 4229 in
1875 4193 2002 4249 qua
2035 4185 2316 4235 versetur.
2404 4178 2574 4245 Quae

345 4248 480 4307 dum
516 4263 806 4326 precatur,
851 4265 1099 4315 testatur
1124 4245 1297 4318 simul
1327 4277 1490 4317 suam
1524 4260 1917 4317 innocentiam
1950 4270 2013 4317 et
2031 4263 2346 4335 puritatem
2378 4279 2416 4318 a
2445 4264 2572 4320 eri-

339 4335 632 4412 minibus,
683 4356 930 4414 quorum
965 4339 1034 4399 ab
1069 4342 1412 4404 adversariis
1443 4355 1780 4420 accusatur,
1830 4353 2003 4424 atque
2036 4364 2161 4404 sese
2199 4346 2572 4408 commendat
