2747 4800
296 268 492 350 «198
1024 311 1029 316 1
1244 276 1369 341 Pe.
1415 271 1536 359 δι,
1592 293 1698 337 20'
1766 247 1808 311 Ὗ

1292 458 1425 517 Ῥε.
1473 457 1583 519 Δ31.

444 625 449 630 .
516 579 771 660 Apparet
822 578 888 637 in
943 571 1057 635 boo
1103 573 1358 635 carmine
1407 563 1601 656 motus
1649 575 1832 635 animi
1875 571 2202 651 perturbati
2243 581 2555 648 conspectu

343 666 733 748 periculorum
761 662 1125 738 hominisque
1156 661 1224 719 in
1253 678 1539 720 summum
1573 662 1729 721 vitae
1766 670 1825 717 et
1861 659 2066 716 salutis
2100 658 2412 717 discrimen
2446 659 2558 718 ad-

316 752 545 827 'ducti,
595 760 655 809 et
693 760 885 808 tamen
927 746 1141 806 fiducia
1178 754 1338 803 certa
1380 746 1710 804 invocantis
1750 763 1914 822 opem
1948 754 2009 800 et
2040 742 2323 801 auxilium
2356 738 2559 819 Jovae,

348 846 524 914 atque
563 834 676 893 hoc
720 834 982 892 nitentis.
1064 828 1258 889 Habet
1299 832 1731 889 invocationem
1761 829 2107 901 ardentem,
2157 843 2352 904 preces
2389 829 2558 887 solli-

349 922 534 1000 citas,
585 920 845 997 querelas
880 915 1277 988 miserabiles,
1332 924 1391 973 et
1421 917 1681 972 eluctans
1722 924 1915 972 tamen
1956 931 2030 996 ᾳ
2073 910 2339 970 omnibus
2374 913 2560 972 animi

348 1007 446 1064 sni
481 1001 1046 1080 perturbationibus,
1105 1000 1167 1057 in
1195 999 1458 1075 precibus
1488 998 1752 1058 fidelibus
1792 998 1915 1055 suis
1953 996 2303 1072 acquiescit,
2362 995 2421 1055 et
2449 1016 2558 1056 ex-

349 1089 553 1148 audire
597 1073 817 1146 se⁴non
865 1084 1128 1157 dubitat3
1197 1083 1585 1164 hortaturque
1628 1085 1699 1142 ad
1743 1083 1988 1141 similem
2028 1079 2330 1149 fiduciam,
2384 1100 2557 1158 quam

349 1173 642 1233 collocent
672 1173 736 1231 in
759 1168 939 1243 Jove,
982 1165 1110 1246 pios
1140 1187 1373 1243 omnes,
1397 1171 1518 1246 ¹qui
1544 1187 1853 1247 numquam
1884 1167 2106 1225 auxilio
2135 1184 2242 1223 suo
2283 1167 2562 1225 destituat

348 1257 545 1318 fideles
588 1275 743 1316 suos.
825 1253 1116 1313 Psalmum
1169 1252 1324 1311 hunc
1373 1265 1601 1329 autem,
1671 1256 1754 1312 ita
1805 1262 1871 1309 ut
1914 1270 2069 1310 nunc
2110 1270 2239 1309 eum
2292 1251 2560 1330 legimus,

346 1338 628 1404 Davidem
663 1361 782 1400 non
819 1342 883 1397 in
918 1335 1061 1416 ipsis
1092 1339 1360 1417 periculis
1396 1341 1816 1415 composuisse,
1863 1335 1960 1395 sed
2001 1347 2201 1412 postea
2238 1338 2561 1394 orationem

350 1436 412 1487 et
445 1446 652 1500 voces,
708 1443 851 1504 quaa
881 1422 956 1482 ad
983 1423 1461 1506 Jovam‘urgente
1490 1424 1749 1498 periculo
1784 1423 2071 1504 misisset,
2125 1422 2297 1478 simul
2328 1439 2456 1478 cum
2484 1422 2561 1479 iis

350 1511 576 1587 verbis,
621 1530 765 1589 quae
802 1509 873 1568 ad
912 1510 1134 1589 gratias
1168 1507 1238 1566 de
1277 1510 1464 1567 salute
1491 1511 1610 1583 jam
1643 1508 1844 1585 adepta
1873 1508 2259 1582 pertinerent,
2318 1507 2561 1579 conjun-

349 1598 543 1670 xisse,
584 1605 642 1654 et
674 1612 905 1653 carmen
948 1612 1033 1653 ex,
1061 1594 1323 1669 utrisque
1364 1611 1685 1651 connexum
1724 1591 2002 1663 edidisse,
2056 1593 2225 1667 plura
2262 1592 2380 1664 ejus
2430 1590 2564 1647 loca

351 1690 634 1763 arguunt,
674 1681 862 1737 veluti
888 1676 985 1758 Vs.
1021 1677 1077 1734 8.
1108 1686 1166 1735 et
1194 1676 1276 1751 9.,
1317 1697 1423 1735 nec
1453 1696 1573 1735 non
1603 1678 1703 1754 20.
1735 1696 1857 1754 sqq.
1915 1674 2000 1733 cf.
2027 1686 2146 1734 not.
2172 1673 2246 1731 ad
2274 1673 2370 1731 Vs.
2402 1675 2464 1733 9.
2530 1712 2547 1725 .

524 1780 873 1857 Interpretes
900 1780 1072 1858 longe
1102 1778 1357 1856 plerique
1384 1775 1667 1834 Davidem
1697 1776 1808 1834 hoe
1834 1776 2063 1835 Psalmo
2091 1770 2311 1835 referre
2334 1785 2566 1853 putant,

354 1876 427 1926 nt
457 1863 694 1924 affectus
723 1863 934 1936 fuerit,
971 1874 1031 1922 et
1058 1882 1205 1941 quae
1235 1872 1499 1938 precatus
1523 1862 1636 1935 sit,
1683 1881 1867 1940 quum*
1886 1863 2110 1919 cinctus
2133 1870 2286 1926 ,esset
2324 1878 2362 1917 a
2387 1860 2566 1920 Saule

357 1951 425 2009 in
471 1951 698 2010 deserto
740 1948 1044 2019 Maonico,
1103 1948 1366 2025 proditus
1410 1965 1445 2003 a
1486 1944 1905 2022 Zipbensibus,
1952 1945 2160 2005 lSam-
2194 1946 2294 2002 23.
2377 1946 2567 2015 Quam

353 2038 742 2112 conjecturam
771 2034 1061 2092 deducunt
1091 2052 1166 2091 ex
1195 2051 1263 2089 eo
1281 2073 1300 2104 ,
1344 2032 1497 2110 quod
1526 2029 1626 2093 vs.
1655 2032 1756 2094 23.
1801 2041 1972 2109 poeta
2008 2031 2206 2089 eodem
2233 2030 2410 2102 verbo
2448 2041 2572 2118 τρι-3

355 2130 445 2178 est
472 2139 645 2194 usus,
690 2118 843 2196 quod
888 2117 1155 2175 adhibuit
1193 2118 1326 2189 ille,
1368 2117 1470 2192 qui
1506 2115 1716 2174 lSam.
1749 2117 1853 2189 23,
1887 2117 1992 2172 26.
2032 2114 2144 2178 hoc
2169 2112 2415 2173 Davidis
2448 2115 2569 2171 dis-

357 2205 578 2263 crimen
624 2205 814 2261 literis
860 2202 1250 2282 consignavit.
1332 2199 1423 2258 lta
1463 2201 1617 2258 enim
1667 2203 1802 2260 ille:
1860 2196 2024 2259 Ibat,
2066 2197 2219 2257 Saul
2270 2199 2330 2257 ἔτι
2382 2198 2570 2257 latere

358 2288 580 2346 montis
618 2279 869 2360 uno,*et
911 2282 1121 2344 David
1155 2303 1287 2342 cam
1324 2285 1454 2343 suis
1492 2286 1553 2341 in
1595 2284 1814 2361 altero,
1842 2283 2105 2363 fuitque
2138 2281 2364 2343 David
2387 2295 2572 2375 γει-ῃ,

357 2370 423 2433 id
449 2380 569 2443 est,
615 2370 1100 2453 praecipitatas,
1145 2387 1344 2447 nempe
1380 2375 1604 2429 terrore
1632 2388 1894 2444 summo,
1948 2380 2277 2448 conatuque
2307 2368 2572 2449 fugiendi

355 2459 640 2536 peranxio
664 2457 985 2533 incitatus.
1069 2455 1257 2535 Erant
1302 2463 1496 2511 autem
1534 2473 1630 2513 res
1671 2452 1918 2515 Davidis
1973 2456 2099 2515 tu'm
2159 2474 2229 2513 eo
2284 2457 2452 2527 loco,
2505 2465 2574 2515 ut

358 2540 602 2600 evadere
635 2558 754 2598 non
787 2543 1102 2617 potuisset3
1156 2538 1311 2617 quod
1333 2539 1458 2613 jam
1487 2541 1653 2615 qussi
1688 2543 2041 2600 constrictus
2072 2540 2453 2617 irretitusque
2482 2549 2574 2598 te-

358 2635 597 2685 neretur
637 2643 672 2682 a
704 2624 913 2699 Saule,
951 2634 1071 2684 tam
1103 2628 1260 2702 ipse,
1298 2640 1470 2701 qnam
1500 2625 1759 2702 copiolae
1785 2628 1986 2703 ipsius.
2070 2623 2187 2685 Sed
2226 2624 2362 2682 dum
2398 2626 2463 2682 in
2503 2643 2575 2683 eo

360 2720 453 2769 est
487 2708 672 2767 hostis
701 2712 858 2766 omni
889 2713 1293 2780 contentione,
1335 2715 1406 2766 ut
1433 2726 1557 2767 rem
1588 2709 1892 2785 conficiat,
1931 2706 2173 2769 affertur
2204 2708 2261 2766 ei
2297 2709 2598 2769 nuncium·

342 2795 670 2868 incastra,
701 2791 1082 2852 Philisthaeos
1114 2794 1392 2869 irrupisse
1415 2794 1478 2849 in
1508 2812 1772 2875 regnum,
1798 2798 1944 2874 quae
1974 2802 2069 2852 res
2091 2792 2292 2873 coegit
2321 2793 2578 2872 Saulem,

360 2879 541 2938 misso
580 2877 806 2936 Davide
846 2879 1131 2951 decedere.
1215 2877 1282 2937 ln
1315 2878 1437 2936 illis
1466 2879 1652 2957 igitur
1687 2882 1960 2956 periculis
1994 2880 2231 2936 summis
2262 2881 2580 2955 praesentis

361 2964 639 3022 interitus
671 2962 811 3020 haec
833 2974 1102 3042 precatus
1128 2963 1309 3022 fuisse
1337 2972 1599 3036 putatur.
1645 2963 1828 3023 Vetus
1861 2975 2053 3023 autem
2087 2961 2230 3021 haec
2258 2971 2348 3019 est
2380 2964 2583 3040 opinio

365 3046 439 3107 de
469 3049 742 3106 carminis
777 3044 946 3123 hujus
976 3058 1266 3126 tempore,
1316 3057 1378 3104 et
1407 3047 1527 3122 jam
1561 3049 1958 3109 Alexandrino
1994 3049 2301 3137 interpreti
2331 3058 2585 3126 recepta,

366 3135 470 3212 qui
512 3134 749 3191 titulum
790 3133 960 3193 fecit:
1023 3127 1287 3211 Ψαλμός
1324 3126 1412 3213 τῷ
1456 3129 1655 3195 Δαυὶδ
1696 3131 2057 3206 ἐκστάσεως,
2118 3131 2273 3212 quod
2313 3133 2586 3203 ultimum

332 3234 578 3285 ,nomen
612 3215 839 3276 addidit
872 3237 946 3277 ex
980 3217 1080 3277 Vs.
1107 3220 1245 3291 23„
1309 3219 1409 3278 ubi
1452 3216 1762 3277 hebraeum
1807 3232 1996 3307 Ἶρι-ζει
2040 3219 2221 3278 vertit
2261 3216 2328 3280 ἐν
2370 3215 2446 3307 τῇ
2487 3218 2588 3283 ἕκ-

365 3297 578 3364 ortines
615 3324 763 3379 μου,
811 3300 923 3361 hoc
958 3313 1083 3376 est,
1125 3304 1188 3361 s‘n
1221 3321 1458 3384 pavore
1501 3312 1683 3381 atque
1726 3287 2139 3383 trepidatione
2176 3322 2342 3375 ma,
2385 3306 2448 3363 in
2485 3303 2587 3362 de-

365 3387 694 3463 speratione
717 3404 910 3446 rerum
943 3389 1222 3463 omnium,
1254 3407 1385 3446 cum
1410 3388 1482 3446 de
1513 3406 1736 3448 summo
1764 3390 2021 3466 periculo
2049 3389 2302 3447 humano
2337 3390 2590 3447 consilio

314 3524 321 3537 ,
369 3470 611 3530 evadere
658 3489 749 3529 me
794 3489 965 3550 posse
1012 3470 1390 3549 desperarem.
1469 3467 1569 3530 Dr.
1607 3472 1853 3533 Wnrrn
1912 3473 2024 3531 boo
2075 3491 2303 3551 quoque
2352 3472 2590 3533 Psalmo

367 3563 561 3613 totum
587 3553 912 3616 Hebraeum
943 3558 1217 3634 populum
1250 3555 1319 3616 de
1361 3557 1486 3614 suis
1526 3560 1776 3617 miseriis
1816 3570 2077 3636 questum
2120 3559 2318 3616 induci
2355 3560 2594 3633 statuit,

367 3635 484 3699 hoc
508 3640 871 3716 potissimum
906 3651 1251 3723 argumento
1287 3651 1505 3714 motus,
1544 3645 1699 3720 quod
1726 3654 1928 3721 poetae
1963 3640 2285 3706 hostesVs.
2315 3645 2372 3700 7.
2404 3641 2597 3701 idolo-

371 3741 508 3782 rum
551 3722 810 3786 cultores
855 3725 1267 3807 designentur,
1323 3728 1522 3804 quales
1553 3726 1802 3788 Davidis
1839 3725 2164 3788 adversarii
2199 3745 2318 3785 non
2350 3725 2599 3797 fuerint.

374 3804 591 3867 Verum
623 3809 735 3884 iis,
792 3810 895 3888 qui
936 3813 1059 3870 illic
1102 3810 1484 3871 observantes
1527 3815 1832 3872 vanitates
1871 3811 2167 3871 mendacii
2208 3812 2601 3890 appellantur,

374 3892 740 3975 intelligendi
770 3913 891 3953 non
922 3898 1177 3973 praecise
1205 3897 1495 3956 idolorum
1527 3900 1818 3972 cultores,
1859 3898 1963 3957 sed
1994 3898 2233 3957 omnino
2266 3899 2450 3972 tales,
2494 3897 2603 3975 qni

377 3975 447 4035 in
473 3978 648 4037 rebus
676 3980 846 4039 vanis
874 3997 1033 4057 spem
1066 4000 1229 4040 snam
1259 3982 1563 4040 collocant.
1634 4046 1638 4051 ,

550 4094 613 4156 2.
697 4105 894 4178 '’Q'tgn
939 4098 1096 4157 nin*
1188 4113 1228 4158 a
1271 4094 1350 4158 In
1397 4107 1487 4173 te,
1531 4096 1724 4172 Iona,
1771 4095 2154 4180 praesidium
2192 4115 2378 4157 meus·
2419 4095 2609 4155 eollo-

380 4177 540 4236 οωε.
618 4176 750 4235 vid.
794 4161 953 4255 7,'2.
989 4106 1372 4258 iazies,
1400 4185 1506 4242 2⁰.
1553 4185 1741 4255 71,1.
1819 4183 1920 4243 'De
1957 4185 2138 4244 verbo
2182 4194 2328 4245 nen
2363 4182 2485 4243 vm.
2527 4181 2612 4240 ..ι

383 4262 450 4336 2,
488 4263 584 4321 12.
655 4246 842 4351 ῦξιεὲ
876 4262 1265 4349 πῶὮζ-ξες
1294 4265 1384 4328 Ne
1416 4266 1728 4349 pudefiant
1757 4280 2034 4347 unquam,
2072 4269 2145 4329 ef.
2169 4253 2277 4341 22}
2302 4250 2364 4326 ὃ.
2403 4265 2512 4341 26,
2542 4268 2613 4325 2.

387 4340 586 4443 Ἦρξε
620 4327 891 4442 ’,μιῇ-ἷξες
924 4332 1044 4409 Ρη·
1063 4349 1386 4422 justitiam
1416 4361 1580 4415 tuam
1608 4354 1782 4435 eripe
1806 4373 1917 4429 ms,
1948 4376 2056 4434 pro
2085 4353 2202 4416 fide
2227 4360 2335 4411 tna
2361 4355 2619 4432 optima,

2371 4498 2380 4533 Ἰ
