2747 4800
337 276 485 350 342
562 351 566 355 ,
651 293 654 298 “
1152 284 1274 351 Pa.
1320 282 1444 367 5⁸2,
1505 283 1745 346 2—4.

344 461 563 526 accersi
605 464 817 541 jussit,
854 456 1501 542 'cu-ius‘excuuationi,⁴
1542 464 1915 544 quantumvis
1963 463 2202 522 idoneae
2239 473 2299 521 et
2336 467 2554 540 justae,

241 595 248 604 .
344 553 516 611 fidem
560 569 736 627 quum
787 549 999 608 habere
1039 551 1257 625 nollet,
1329 552 1460 627 plus
1506 553 1659 609 enim
1703 546 1857 623 apud
1902 553 2259 606 eum‘metus
2306 547 2553 624 periculi

347 636 608 707 vaiebat3
666 635 965 692 mandavit
995 637 1351 709 emissariis,
1391 645 1459 691 ut
1491 635 1821 713 pontificem
1856 652 1975 691 una
2007 651 2136 690 cum
2172 643 2298 690 tota
2325 632 2552 691 familia

348 722 721 779 trucidarent.
779 716 994 776 Verum
1022 719 1114 776 his
1143 722 1353 800 religio
1381 719 1514 792 fnit,
1539 721 1701 777 viros
1731 716 1858 776 Deo
1890 736 2088 775 sacros
2119 716 2274 775 ferro
2306 720 2547 776 violare.

335 803 588 886 *Defigus
629 805 823 879 solus,
880 805 983 880 qui
1028 805 1186 882 regis
1233 807 1490 863 animum
1532 805 1879 883 instigatae,
1935 803 1994 859 id
2038 802 2262 860 facinus
2303 803 2553 882 aggredi
2658 873 2661 880 ,

349 906 546 961 ausus,
579 889 833 966 quinque
862 898 921 946 et
948 890 1249 968 octoginta
1279 891 1607 947 sacerdotes
1637 887 1950 946 crudeliter
1976 889 2273 960 mactavit,
2297 905 2552 963 moxque

329 972 587 1045 ¹Noben,
629 972 992 1036 sacerdotum
1029 973 1228 1031 urbem
1259 973 1585 1051 profectus,
1646 990 1841 1030 omnes
1877 970 1950 1029 ad
1980 989 2159 1028 unum
2191 973 2346 1029 cives
2348 982 2549 1068 atque

297 1065 304 1082 '
346 1059 604 1136 incolas,
664 1059 828 1116 nuiio
860 1053 1067 1120 aetatis
1096 1060 1188 1116 vel
1217 1076 1391 1117 sexus
1423 1059 1785 1129 discrimine,
1826 1057 2227 1127 obtruncavit,
2282 1047 2399 1113 irtio
2441 1074 2552 1112 nec

349 1143 652 1217 pecoribus
700 1143 976 1218 pepercit.
1062 1143 1193 1210 Quo
1241 1153 1478 1217 accepto
1538 1143 1743 1199 nuntio
1793 1143 1856 1197 in
1903 1159 2125 1198 summo
2182 1139 2382 1198 dolore
2433 1140 2577 1200 fuit„

347 1223 565 1299 David,
610 1236 730 1284 tum
760 1226 962 1303 quod·
945 1228 1056 1303 ipsi
1085 1225 1196 1284 hoc
1226 1228 1398 1286 modo
1425 1226 1648 1285 invidia
1673 1236 1731 1284 et
1758 1225 1955 1283 odium
1981 1243 2262 1282 summum
2291 1236 2553 1282 creatum

349 1321 533 1383 esset,
592 1321 662 1371 et.
683 1329 851 1381 nemo,
883 1311 939 1370 ei
970 1313 1097 1370 sine
1131 1312 1388 1388 periculo
1422 1311 1664 1385 capitali
1692 1309 2021 1368 benefacere
2055 1319 2250 1383 posset
2279 1311 2550 1385 amplius,

346 1396 530 1453 multo
562 1397 754 1454 minus
785 1415 915 1453 eum
955 1398 1210 1473 recipere
1239 1394 1531 1473 hospitio;
1589 1406 1713 1455 tum
1751 1413 1825 1454 ex
1863 1414 1931 1453 eo
1968 1395 2341 1472 praesertim,
2390 1394 2551 1472 quod

345 1480 587 1556 ipsemet
636 1481 788 1539 tanti
835 1481 974 1539 maii
1017 1498 1193 1541 causa
1236 1483 1594 1549 exstitisset3
1671 1482 1794 1557 ipse
1848 1473 2003 1538 euim
2057 1493 2270 1536 arcana
2323 1496 2359 1535 a
2406 1498 2550 1558 rege

343 1563 616 1621 mandata
643 1564 852 1622 habere
890 1584 952 1621 se
991 1566 1306 1636 simulans,
1355 1564 1792 1639 Achimelecho,
1853 1575 1920 1622 ut
1957 1564 2071 1622 sibi
2111 1580 2307 1621 sacros
2352 1581 2549 1639 panes,

347 1657 407 1706 et
442 1648 705 1707 Goliathi
737 1648 990 1726 giadium
1027 1649 1228 1723 daret,
1269 1649 1438 1708 facile
1466 1651 1780 1725 persuasit,
1837 1650 2100 1725 alioquin
2143 1665 2262 1704 non
2295 1646 2548 1718 facturo,

349 1730 503 1807 quod
551 1734 714 1790 illum
756 1732 977 1793 videret
1021 1734 1244 1805 solum,
1311 1753 1417 1791 nec
1458 1735 1522 1792 in
1567 1737 1883 1806 comitatu,
1936 1735 2037 1810 qui
2074 1733 2230 1812 regis
2269 1751 2549 1811 generum

348 1814 591 1874 deceret.
676 1814 845 1882 Tunc
874 1818 1058 1898 igitur
1085 1815 1276 1878 David
1305 1818 1411 1875 hos
1442 1817 1699 1875 Versus
1680 1837 1744 1876 ιιι
1770 1811 2079 1898 Doegum,
2122 1818 2275 1873 tanti
2312 1819 2549 1874 sceleris

346 1911 677 1974 auctorem,
714 1900 952 1974 effudit,
993 1900 1147 1961 haud
1179 1903 1349 1962 dubie
1380 1904 1550 1960 simui
1588 1914 1759 1981 atque
1785 1922 1885 1979 per
1916 1899 2329 1972 Abiatharum,
2365 1900 2549 1958 Achi-

346 1984 592 2043 meiechi
626 1986 842 2059 filium,
902 1983 1003 2064 qui
1047 1990 1205 2046 solus
1246 1989 1477 2069 generis
1521 1989 1614 2045 sui
1652 1998 1949 2064 superstes
1982 1988 2165 2063 patris
2202 1995 2260 2042 et
2299 1986 2550 2044 aliorum

346 2070 710 2130 sacerdotum
759 2073 988 2131 caedem
1043 2083 1340 2147 evaserat,
1416 2072 1485 2130 de
1545 2072 1884 2130 crudelitate
1938 2071 2105 2130 Sauli
2154 2073 2549 2150 cognovisset.

349 2152 521 2219 Quod
561 2164 752 2213 autem
786 2158 1000 2245 ’ἱηῆΝΠ
1029 2158 1090 2213 in
1117 2155 1226 2214 hac
1257 2158 1636 2233 inscriptione
1665 2154 1909 2237 Dofigus
1938 2157 2293 2238 appellatur,
2351 2153 2408 2210 id
2444 2157 2552 2213 alii

345 2235 699 2295 Adomaeum
740 2220 1234 2315 interpretantur,
1288 2240 1345 2299 h.
1377 2262 1425 2300 e.
1460 2259 1533 2298 ex
1563 2241 1816 2315 Adama,
1875 2233 2018 2299 urbe
2049 2239 2238 2297 tribus
2269 2238 2551 2317 Naphtaii

346 2312 501 2400 (Jos.
527 2323 626 2395 19,
654 2322 783 2396 36.)
827 2323 1156 2398 oriundum,
1196 2327 1301 2383 aiii
1311 2325 1687 2400 Edomitam,
1731 2328 1854 2385 sive
1862 2322 2243 2384 Idumaeam.

516 2451 576 2507 3.
656 2452 863 2513 “finan
910 2460 1082 2542 ”2¹22
1131 2446 1541 2544 5ξΠΠη-Π73
1582 2451 1748 2524 Quid
1783 2452 2078 2532 gloriaris
2118 2451 2189 2509 de
2229 2470 2412 2525 noxa,
2459 2460 2554 2529 tu,

345 2530 642 2590 violente!
717 2515 1043 2611 Abruptum
1067 2516 1411 2610 ¹exordium,
1471 2555 1586 2613 quo
1620 2558 1722 2615 per
1754 2535 2183 2617 apostrophen‘
2166 2556 2229 2593 ιιι
2259 2534 2552 2616 Doegum,

346 2617 605 2692 alioquin
637 2616 965 2692 absentem,
1023 2622 1216 2681 subito
1248 2622 1564 2681 invehitur.
1647 2621 1842 2697 Tene,
1896 2622 2120 2704 inquit,
2172 2621 2241 2679 de
2278 2629 2384 2678 tuo
2432 2624 2549 2680 isto

349 2711 468 2757 tam
502 2702 739 2762 immani
766 2706 980 2762 scelere
1013 2715 1242 2782 oportet
1269 2708 1536 2786 gloriari,
1564 2708 1718 2787 quod
1753 2710 1913 2766 solus
1943 2726 2016 2764 ex
2043 2707 2329 2764 ministris
2367 2708 2551 2787 regiis

348 2783 412 2842 in
453 2787 779 2853 sacerdotes
822 2806 1027 2846 manus
1066 2790 1279 2849 inferre
1323 2810 1500 2849 ausus
1540 2790 1642 2852 es?
1724 2797 1876 2857 nias
1919 2788 2017 2873 (de
2055 2810 2170 2869 quo
2203 2791 2321 2849 vid.
2352 2793 2455 2864 24,
2486 2793 2553 2850 8.

348 2869 452 2943 33,
479 2867 632 2974 16.)
645 2870 701 2928 h.
730 2874 769 2932 1.
804 2872 865 2931 in
897 2875 1108 2933 maiam
1141 2886 1362 2951 partem
1394 2877 1469 2949 is,
1511 2880 1615 2955 qui
1645 2877 1764 2934 vim
1793 2877 2081 2950 injustam
2109 2885 2359 2935 exercet.
2426 2877 2556 2936 Alii

345 2954 660 3034 εἷρωιικῶς
687 2954 959 3036 Doegum
986 2957 1251 3034 fortem,
1288 2958 1474 3019 heroa
1510 2962 1724 3020 dietum
1752 2964 2110 3035 existimant,
2152 2980 2206 3060 q.
2237 2961 2290 3019 d.
2320 2978 2355 3017 o
2381 2979 2556 3036 prae-

349 3038 589 3099 dicande
621 3041 824 3116 heros,
886 3045 1008 3120 qui
1028 3045 1359 3104 immaniter
1400 3047 1658 3104 trucidas
1690 3044 1952 3105 homines
1985 3046 2295 3117 innoxios,
2350 3057 2409 3102 et
2446 3047 2555 3120 qui

349 3142 473 3182 sese
510 3144 630 3190 non
672 3126 1000 3185 defendunt.
1086 3132 1304 3190 nvn*
1321 3126 1402 3192 §a
1445 3127 1530 3210 ἒξ,
1572 3142 1705 3193 *mn
1754 3129 2006 3189 Bonitas
2048 3128 2170 3187 Dea·
2210 3130 2395 3202 omni,
2437 3131 2554 3204 vel,

349 3217 490 3267 tota
521 3211 650 3285 dio,
709 3211 990 3272 subaudi.
1045 3224 1259 3299 exstat.
1335 3196 1562 3274 Sensus
1599 3228 1719 3273 est:
1785 3235 1889 3274 cur
1932 3217 2001 3274 de
2043 3217 2254 3273 scelere
2299 3213 2553 3272 admisso

348 3303 650 3372 tantopere
692 3297 994 3373 superbis,
1059 3316 1134 3355 ex
1173 3317 1354 3375 eoque
1398 3303 1540 3361 novi
1585 3299 1866 3360 facinoris
1905 3300 2161 3375 concipis
2211 3295 2554 3358 audaciami

347 3375 598 3439 Etiamsi
645 3379 962 3457 prodidisti
1001 3393 1060 3439 et
1105 3382 1452 3442 interfecisti
1500 3394 1733 3463 propter
1779 3404 1869 3442 me
1910 3385 2234 3442 sacerdotes
2280 3395 2339 3440 et
2379 3385 2557 3441 inno-

351 3472 541 3520 centes
586 3462 883 3535 familiam
955 3484 1266 3543 numquam
1319 3478 1511 3526 tamen
1564 3489 1653 3528 me
1698 3480 1920 3527 evertes
1963 3476 2020 3526 et
2071 3486 2302 3526 causam
2346 3485 2556 3540 meam,

350 3563 525 3621 quum
565 3546 724 3607 Deus
764 3548 912 3615 mihi
951 3570 1195 3633 regnum
1231 3554 1597 3637 promiserit,
1650 3562 1711 3613 et
1740 3556 2000 3615 bonitate
2033 3571 2141 3611 sua
2168 3572 2259 3610 me
2286 3562 2560 3635 protegat
2604 3572 2613 3580 ‘

227 3662 250 3674 -
347 3639 409 3694 et
448 3630 736 3695 defendat.

518 3760 579 3817 4
645 3758 842 3858 ἣιῆυᾶξ
884 3758 1082 3851 :tiana
1123 3765 1284 3826 nim
1324 3761 1537 3833 Noxas
1578 3765 1911 3825 meditatur
1950 3763 2158 3843 lingua
2199 3771 2333 3837 tua,
2375 3767 2562 3826 noxia

352 3854 409 3902 et
453 3847 775 3920 perniciosa
821 3832 1082 3906 consilia
1106 3847 1327 3925 profert
1370 3848 1581 3930 lingua
1623 3861 1744 3911 tua.
1827 3850 2066 3911 Tribuit
2107 3849 2347 3929 linguae
2399 3852 2563 3929 quod

354 3931 541 3989 animi
581 3941 705 4004 est,
746 3934 884 4009 quia
911 3934 1114 4011 lingua
1144 3943 1233 3990 est
1270 3935 1475 3992 mentis
1508 3938 1823 4012 interpres,
1862 3944 1922 3996 et
1961 3935 2083 4007 eius
2117 3952 2300 4015 opera
2326 3954 2458 4015 cogz
2439 3938 2561 3993 :ta-

355 4014 543 4073 tiones
575 4019 930 4092 aperiuntur.
973 4017 1197 4076 Similis
1215 4020 1496 4095 loquutio
1524 4022 1629 4093 78,
1649 4021 1748 4078 72.
1808 4018 2062 4078 Sensus.
2101 4027 2166 4077 tu
2199 4022 2563 4078 commentus

355 4116 416 4154 es
451 4100 754 4165 adversum
792 4119 883 4158 me
919 4110 976 4158 et
1001 4100 1458 4160 Achimelechum
1497 4106 1970 4177 criminationes,
2026 4104 2236 4181 quibus
2276 4124 2384 4162 nos
2424 4122 2564 4180 per-

355 4181 552 4259 deres3
613 4185 675 4243 id
714 4184 872 4263 quod
913 4188 1101 4265 magis
1139 4186 1328 4246 adhuc
1364 4191 1672 4265 exprimit.
1718 4201 1897 4252 ”ww
1945 4190 2087 4249 rw&
2133 4184 2324 4249 τὺτοέἳᾱ
2373 4198 2564 4248 “wrm

354 4264 525 4327 Sicut
565 4268 855 4333 novacula
897 4278 1082 4329 acuta
1106 4271 1360 4345 faciens
1398 4271 1646 4347 dolum,
1678 4257 1852 4332 sicut
1866 4258 2152 4332 novacula
2180 4252 2566 4345 οιίιοιιιιιζῖιῗ

357 4356 449 4417 vei
480 4354 685 4421 leviter
715 4356 846 4443 quis
878 4372 1006 4420 sam
1034 4357 1377 4443 contingat,
1428 4361 1699 4427 vulnerat
1728 4360 2115 4447 gravissime,
2172 4360 2259 4418 ita
2291 4377 2461 4443 quem
2493 4367 2567 4423 tu
