2747 4800
986 239 993 244 ·
1054 227 1179 297 Ρ..
1226 228 1347 319 37,
1416 255 1473 296 ι.
1801 201 1812 208 ’
2236 187 2392 299 247

1134 429 1272 512 Ps„
1299 432 1402 489 37.

333 543 417 603 Ne
446 543 708 603 homines
742 543 889 603 falsa
918 544 1314 623 improborum
1339 545 1619 608 felicitate
1647 546 1897 623 deeept'g⁴
1927 547 2060 611 illos
2094 548 2374 607 aemulari

178 625 425 687 studeant
452 631 673 687 virtute
704 633 936 705 rejecta,
980 631 1146 689 docet
1182 631 1292 690 hoe
1329 636 1608 703 carmine,
1650 632 1876 691 brevem
1906 642 1965 689 et
1991 650 2198 692 vanam
2235 634 2370 692 illo-

178 734 288 771 rum
315 734 434 772 esse
466 717 902 791 prosperitatem
933 735 999 773 ae
1028 719 1377 792 potentiam,
1438 728 1756 795 contraque
1797 718 2027 793 piorum
2067 715 2370 776 hominum

178 815 478 857 aerumnam
504 801 756 872 brevem,
786 801 1119 875 diuturnam
1150 822 1325 878 porro
1351 801 1714 860 felicitatem.
1793 804 1979 870 Quam
2012 802 2366 861 sententiam

176 893 313 940 rates
350 896 627 961 perpetua
662 884 938 943 antithesi
979 888 1369 960 conditionis,
1418 897 1759 960 eventuum,
1792 885 2102 961 fortunae,
2146 889 2363 960 exitus,
2427 939 2432 942 ,

174 979 396 1042 morum,
441 979 499 1027 et
525 971 681 1027 vitae
713 971 942 1047 piorum
977 981 1038 1027 et
1070 972 1380 1047 impiorum
1408 972 1683 1029 inculcat.
2161 967 2166 972 ’

320 1053 476 1113 Sunt
509 1073 647 1113 vero
677 1055 739 1111 in
770 1053 879 1113 hoc
910 1054 1164 1112 carmine
1192 1058 1399 1132 plura,
1442 1075 1588 1133 quae
1628 1066 1817 1113 vatem
1863 1073 1982 1112 non
2019 1055 2081 1113 in
2122 1056 2362 1114 univer-

174 1156 283 1195 sum
328 1137 395 1196 de
443 1137 599 1196 felici
646 1140 981 1198 conditione
1026 1142 1138 1216 piis
1186 1143 1247 1197 in
1296 1139 1403 1197 hac
1447 1141 1571 1199 vita
1610 1140 1996 1215 exspectanda
2042 1159 2215 1221 agere
2263 1136 2380 1198 ar-‘

170 1233 348 1302 guant.
435 1222 692 1284 Primum
742 1225 932 1298 enim,
992 1226 1147 1302 quod
1187 1225 1283 1283 Vs.
1320 1232 1381 1286 6.
1426 1223 1523 1280 15.
1561 1226 1657 1282 19.
1703 1225 1879 1299 dicit,
1947 1225 2158 1299 probos
2202 1227 2359 1284 vitae

120 1366 127 1375 ,
173 1319 304 1364 reete
339 1318 505 1366 actae
538 1311 793 1385 praemia
838 1311 1068 1368 tandem
1110 1312 1421 1386 consequi,
1474 1312 1659 1367 malos
1701 1328 1844 1366 vero
1885 1309 2034 1366 nihil
2080 1310 2392 1382 adversus·

169 1411 250 1448 eos
290 1392 603 1470 proficere,
655 1394 757 1452 sed
796 1396 1060 1454 exitiales
1096 1396 1242 1469 ipsisv
1269 1413 1393 1450 esse
1424 1412 1622 1472 eorum
1654 1403 1928 1466 conatus,
1971 1395 2146 1474 longe
2184 1396 2357 1451 aliter

169 1495 257 1534 usu
298 1480 501 1536 venire
550 1489 796 1537 constat.
885 1477 1055 1547 Quod
1106 1489 1165 1537 et
1211 1491 1456 1537 testatur
1498 1479 1876 1537 Ecclesiastcs
1919 1480 1995 1551 4,
2041 1480 2096 1538 1.
2159 1482 2219 1552 7,
2267 1481 2357 1537 16.

170 1563 326 1632 8‚11.
361 1565 425 1636 9,
456 1564 512 1620 2.
542 1569 597 1624 3.
639 1564 729 1621 ll.
776 1567 869 1638 10,
899 1565 971 1621 6.
1032 1562 1255 1621 Deinde
1283 1565 1625 1643 magnificae
1656 1565 2067 1640 promissiones
2099 1563 2167 1621 de
2197 1572 2358 1621 terra

166 1659 413 1724 perpetuo
460 1649 837 1723 possidenda,
892 1669 924 1704 e
959 1669 1070 1727 qua
1101 1651 1338 1725 impium
1375 1649 1672 1706 hominum
1703 1667 1886 1727 genus
1917 1650 1996 1705 sit
2025 1650 2359 1725 exstirpan-

166 1730 279 1789 dum
306 1731 436 1810 (Vs.
473 1733 567 1789 18.
593 1735 691 1791 28.
726 1730 883 1812 29.),
926 1752 1284 1816 nequaquam
1315 1736 1458 1791 tale's
1490 1744 1645 1791 reete
1673 1735 1868 1810 putari
1897 1744 2163 1808 possunt,
2208 1750 2355 1809 quae

164 1816 418 1891 deceant,
479 1819 704 1895 qualem
745 1819 808 1875 in
849 1820 1123 1899 regundis
1153 1818 1453 1877 hominum
1480 1819 1651 1875 rebus
1684 1818 1916 1878 modum
1948 1828 2141 1875 tenere
2170 1818 2361 1875 soleat

162 1899 347 1959 Deus.'
402 1904 574 1972 Quae
614 1922 789 1982 quum
831 1906 915 1960 ita
952 1906 1109 1976 sint,
1167 1923 1273 1961 nos
1317 1905 1548 1980 quidem
1577 1902 1732 1960 haud
1761 1900 2122 1975 dubitamus,
2167 1912 2361 1961 vatem

162 1984 255 2043 hoe
281 1990 543 2045 carmine
572 1991 863 2047 consolari
896 1990 1152 2046 voluisse
1182 2007 1320 2044 suos
1354 1987 1657 2065 populares
1685 1996 2018 2045 exterorum
2050 1986 2361 2065 tyrannide

161 2089 487 2146 oppressos,
543 2091 852 2150 corumque
887 2075 1112 2130 animos
1148 2072 1490 2130 confirmare
1526 2080 1586 2130 et
1622 2073 1845 2150 erigere
1881 2071 1990 2129 hac
2029 2091 2125 2148 spe
2133 2113 2163 2163 ‚⁷
2223 2091 2361 2147 pro-

158 2159 323 2231 priam
362 2169 421 2215 et
472 2168 805 2234 perpetuam
850 2160 1267 2235 possessionem
1309 2167 1498 2215 terrae
1535 2159 1903 2234 omniumque
1936 2158 2224 2215 bonorum
2267 2158 2360 2212 in-

162 2242 285 2297 colis
325 2253 524 2300 terrae
566 2262 601 2297 a
633 2241 758 2301 Deo
800 2244 1257 2316 destinatorum,
1298 2251 1456 2299 certo
1488 2237 1721 2300 manere
1749 2241 2008 2299 homines
2039 2260 2174 2298 vere
2210 2242 2362 2320 pios,

163 2334 211 2380 et
246 2327 470 2403 quidem
507 2327 642 2384 fidei
680 2346 853 2384 causa
898 2326 1022 2402 (Vs.
1056 2329 1217 2408 40.)‚
1272 2327 1580 2385 dummodo
1623 2329 1686 2384 in
1720 2326 1831 2386 fide
1871 2338 1932 2384 et
1964 2327 2188 2385 virtute
2216 2343 2359 2390 eon·-

163 2420 359 2469 stantes
397 2410 700 2491 maneant.
787 2417 1144 2487 Quareletsi
1184 2412 1541 2489 aliquamdiu
1588 2415 1756 2489 impii
1798 2422 2012 2470 terram
2058 2420 2363 2487 occupent,

164 2496 374 2571 ejusque
407 2499 581 2556 bonis
611 2497 907 2571 fruantur,
945 2501 1059 2576 piis
1087 2517 1208 2557 non
1237 2517 1361 2555 esse
1389 2497 1823 2575 desperandum,
1863 2506 1922 2554 et
1956 2516 2028 2553 ne
2059 2496 2363 2574 indignari

162 2582 368 2655 quidem
400 2601 471 2639 ea
504 2583 573 2638 (le
600 2601 663 2638 re
695 2584 928 2659 decere3
984 2582 1107 2641 fore
1138 2585 1329 2655 enim,
1376 2594 1441 2641 ut
1473 2586 1590 2641 cito
1625 2602 1753 2640 sors
1781 2592 2073 2650 mutetur;
2133 2590 2359 2657 tempus

163 2658 435 2746 felicitatis
472 2669 783 2739 impiorum
823 2688 928 2745 pro
965 2668 1151 2728 nihilo
1187 2669 1573 2744 reputandum
1605 2687 1765 2740 esse,
1821 2686 1998 2744 quum
2041 2673 2358 2740 properent

162 2750 223 2807 ad
258 2753 537 2823 exitium,
599 2757 793 2810 omnia
837 2755 989 2812 bona
1035 2773 1171 2813 vero
1214 2755 1327 2829 piis
1368 2756 1493 2810 sint
1534 2758 1803 2827 cessura,
1859 2763 1919 2809 et
1960 2753 2023 2807 in
2062 2763 2363 2807 aeternum

160 2837 388 2909 quidem.
479 2838 640 2904 Quas
677 2840 1090 2913 promissiones
1123 2840 1382 2896 illustrat
1416 2840 1511 2909 iis,
1555 2856 1702 2914 quae
1736 2839 1799 2894 in
1828 2839 1985 2895 vitae
2014 2853 2153 2894 suae
2187 2851 2361 2891 cursu

163 2920 268 2996 ipse
302 2922 637 2980 observavit
672 2925 783 2997 piis
811 2924 1204 2998 improbisque
1234 2921 1652 2994 aeeidcre‚„,Vs.
1680 2920 1784 2979 25.
1816 2924 1918 2982 35.
2012 2925 2018 2931 ’

313 3008 631 3065 structura
670 3007 838 3081 hujus
881 3009 982 3066 Ρη.
1014 3008 1212 3065 eadem
1258 3018 1386 3081 est,
1437 3025 1551 3083 qua
1587 3016 1756 3082 poeta
1790 3006 1888 3065 ΡΒ.
1916 3003 2016 3062 25.
2061 3000 2191 3083 (ubi
2232 3001 2357 3061 vid.

163 3086 516 3169 Argument.)
550 3095 793 3170 aliisque
821 3094 1116 3152 nonnullis
1146 3112 1283 3150 usus
1314 3102 1421 3151 est.
1474 3091 1767 3169 Sequutus
1801 3102 1888 3149 est
1915 3091 2067 3147 enim
2100 3088 2364 3146 ordinem

162 3175 589 3250 alphabeticum.
674 3178 831 3236 luter
868 3192 912 3242 Ν
948 3188 1004 3236 et
1040 3188 1116 3251 2,
1173 3190 1232 3235 et
1262 3181 1348 3235 sic
1383 3177 1684 3252 deinceps,
1725 3177 1970 3235 Versum
2005 3174 2363 3232 interseruit.
2437 3226 2440 3231 .

164 3257 370 3333 Literae
404 3275 443 3322 Ἰ
465 3303 484 3334 ,
535 3272 576 3321 2
618 3274 677 3320 et
718 3277 758 3346 Ρ
793 3284 931 3322 vero
967 3264 1208 3321 nonnisi
1239 3264 1475 3321 unicum
1501 3262 1742 3320 Versum
1773 3261 2020 3331 habent,
2074 3269 2114 3318 Ο
2164 3267 2360 3313 autem

164 3352 300 3419 tres,
349 3359 409 3405 et
449 3360 492 3406 :9
539 3367 772 3423 prorsus
813 3348 1024 3408 deficit.
1117 3347 1465 3427 Regularem
1498 3346 1783 3405 Versuum
1820 3348 2024 3404 seriem
2055 3344 2366 3401 restituere

163 3432 413 3505 tentarit,
462 3435 706 3490 mutatis
743 3453 819 3490 ex
854 3436 1188 3507 conjectura
1228 3436 1464 3492 illorum
1498 3433 1996 3502 distinctionibuS,
2041 3427 2089 3487 J.
2123 3425 2175 3486 J.
2205 3426 2363 3484 BEL-

159 3526 443 3576 Lmanx
480 3520 546 3574 in
576 3517 703 3576 dem
739 3518 909 3578 Vera.
949 3517 1043 3577 ab.
1080 3518 1134 3576 d.
1160 3515 1388 3576 Metrik
1420 3518 1478 3578 d.
1513 3516 1816 3590 Hebriier‚
1858 3537 1912 3593 p.
1956 3516 2237 3591 117.sqq.

315 3626 371 3690 1.
453 3633 794 3713 Propositio
826 3636 1059 3710 Psalmi,
1098 3653 1213 3711 qua
1245 3636 1329 3712 pii
1354 3644 1716 3693 monenturz.
1746 3639 1994 3726 ῺἿῼῬΞΞ
2029 3624 2369 3721 *lutati-3³2&

165 3710 237 3772 Ne
273 3719 648 3778 exardescas
687 3720 757 3778 ob
799 3721 1015 3796 malos,
1078 3740 1150 3779 ne
1194 3739 1267 3778 ex
1311 3721 1510 3777 nimia'
1536 3722 1901 3794 impatientia
1944 3719 2018 3776 ob
2063 3726 2224 3773 tuum
2266 3716 2364 3771 in-

165 3797 469 3860 fortunium
522 3816 624 3861 aut
666 3808 994 3880 vilitatem,
1050 3817 1109 3864 et
1149 3824 1222 3887 eit
1265 3805 1492 3862 invidia
1538 3815 1773 3881 propter
1817 3805 1986 3877 impii
2025 3801 2368 3859 felicitatem

166 3886 400 3945 animum
433 3899 601 3946 tuum
632 3892 793 3947 sinas
823 3900 1219 3949 transversum
1252 3891 1371 3967 agi.
1459 3899 1602 3975 {7⁸21}
1635 3889 1908 3961 exarsit,
1949 3903 2170 3961 semper
2215 3879 2369 3962 (tam

166 3986 410 4045 expresse
443 3993 575 4031 cum
604 3976 839 4032 nomine
866 3989 958 4060 qq
985 3977 1382 4048 conjunctum,
1422 3993 1593 4049 quam
1625 3974 1875 4050 elliptice
1905 3976 2039 4031 sine.
2058 3990 2126 4026 eo
2159 3988 2365 4027 occur-

169 4068 300 4129 rens,
334 4067 402 4114 ut
437 4060 540 4127 18,
567 4058 653 4135 8.)
684 4074 999 4136 usurpatur
1029 4061 1099 4117 de
1129 4069 1291 4117 aestu
1321 4060 1527 4130 animi,
1554 4060 1619 4116 iu
1646 4060 1738 4116 ira
1767 4056 2204 4124 vehementiori,
2231 4072 2363 4108 cum

166 4137 359 4213 aliquis
393 4153 560 4199 totus
587 4144 767 4202 ferme
795 4146 1167 4216 accenditur,
1209 4161 1511 4222 metasque
1539 4146 1725 4220 spirat
1755 4141 2035 4210 flammas,
2078 4138 2366 4215 quomodo

168 4222 321 4281 etiam
351 4225 555 4285 Latini
586 4231 939 4305 loquuntur:
979 4229 1296 4287 ardescere
1332 4229 1397 4286 in
1429 4230 1582 4305 iras,
1620 4227 1868 4285 accendi
1887 4224 2120 4298 furiis,
2160 4233 2373 4298 gei-ere

169 4303 379 4368 irarum
419 4311 826 4394 subque-tore
855 4317 1158 4394 flammas,
1203 4317 1318 4372 imo
1350 4335 1480 4373 cum
1510 4317 1644 4392 igne
1676 4319 2045 4389 eomparatur
2077 4309 2166 4366 ira
2197 4304 2369 4365 vehe-
