2747 4800
800 277 923 343 Pa.
971 274 1088 364 39,
1153 272 1261 341 13.
1315 272 1430 345 14.
1495 278 1626 345 ΡΒ.
1678 277 1796 342 40.
1961 225 1962 228 ¹
2065 301 2070 306 ²
2249 273 2444 347 269—
2562 301 2569 309 ·

201 469 355 517 tores
385 455 549 516 fuere
583 459 831 534 majores
870 462 984 518 mei
1025 460 1321 533 universi,
1382 468 1444 519 et
1478 469 1569 520 est
1607 459 1930 519 eommunis
1968 456 2111 519 baec
2148 462 2408 523 omnium

197 542 492 602 hominum
522 543 805 603 conditio.
873 545 1061 605 Locus
1097 547 1301 618 parall.
1329 554 1419 602 eat
1455 548 1482 602 1
1504 544 1640 603 Chr.
1667 547 1774 618 29,
1796 547 1893 603 14.
1913 543 2010 603 15.
2081 559 2158 624 ’23
2195 543 2263 626 (a
2298 556 2404 612 ’τηε

195 631 579 701 commorari,
630 628 1059 709 peregrinari)
1103 631 1344 709 proprieq
1373 630 1656 712 designat,
1685 648 1848 709 curn,
1901 631 2022 707 qui.
2047 632 2191 689 alibi
2231 642 2408 692 natus

196 725 363 778 extra
406 717 659 791 patrium
703 718 888 773 solum
934 713 1263 793 hospitatur
1305 715 1456 790 apud
1498 717 1682 789 alios,
1743 715 1839 772 cui
1880 723 2054 801 173·ng
2097 715 2406 794 indigena,

198 795 509 872 opponitur
533 798 669 857 Lev-
695 801 799 872 24,
833 802 927 859 16.
960 801 1060 856 22.
1105 798 1224 857 Jos.
1256 802 1318 872 8,
1341 800 1480 873 33.‚
1539 810 1711 876 atque
1750 799 1946 886 :ufir-7,
1988 781 2143 876 ‘quod
2184 797 2251 879 (a
2285 801 2406 881 :145³

193 880 527 962 habitavit)
561 882 629 941 de
661 902 730 940 eo
760 887 909 946 solet
937 887 1233 962 usurpari,
1263 885 1366 960 qui
1393 885 1627 943 aliunde
1659 883 1971 942 adveniens
2003 885 2218 942 alicubi
2246 867 2410 944 com1

190 979 457 1025 moratur
501 981 776 1044 tanquam
816 972 1009 1032 incola
1050 969 1349 1045 receptus,
1409 969 1544 1054 ''id‘'
1565 969 1714 1027 Gen.
1743 969 1859 1041 23,
1888 969 1952 1025 4.
1996 968 2108 1027 Ex.
2144 971 2258 1040 12,
2293 972 2401 1031 45.

190 1051 328 1110 Lev.
360 1053 464 1123 22,
503 1056 598 1110 10.
660 1054 829 1121 Quod
859 1054 956 1112 hic
983 1056 1202 1134 legitur
1239 1065 1405 1140 3722,
1455 1053 1606 1111 idem
1638 1070 1877 1130 prorsus
1914 1061 2002 1111 est
2037 1054 2191 1131 quod
2223 1056 2251 1112 1
2272 1051 2404 1115 Chr.

186 1139 299 1208 ³29,
333 1137 432 1194 15.
479 1133 665 1230 ψξξξ
712 1156 914 1197 coram
958 1148 1050 1210 tc,
1102 1138 1160 1198 h.
1191 1120 1339 1200 e0i'1i
1379 1140 1681 1196 territorio
1719 1148 1856 1210 tuo,
1914 1138 2200 1216 quomodo
2242 1160 2407 1217 pere⁴

192 1222 357 1300 grini
393 1223 591 1280 vivere
629 1224 1002 1302 solent'a'pud
1032 1226 1354 1302 principem
1384 1223 1673 1301 aliquem,
1728 1223 1970 1281 licentia
2008 1226 2410 1284 commorandi

190 1308 519 1385 impetrata.

368 1426 466 1483 14.
550 1411 771 1483 Ultiino
805 1425 1010 1483 iterum
1046 1433 1213 1497 orat,
1269 1434 1338 1483 ut
1378 1425 1767 1505 castigatione
1808 1422 2042 1483 tandem
2080 1442 2117 1482 a
2155 1443 2218 1483 se
2245 1423 2407 1483 Deus

189 1510 460 1584 recedat,
520 1528 593 1569 ne
635 1530 858 1568 omnem
902 1513 1086 1568 vitam
1130 1512 1525 1568 calamitosam
1564 1509 1810 1582 habeat,
1863 1518 1967 1565 aut
2009 1521 2163 1567 certe
2203 1511 2405 1569 morbo

191 1598 562 1668 absumatur,
625 1616 691 1653 eo
735 1595 890 1672 quod
930 1597 1111 1675 longe
1147 1597 1305 1653 vires
1347 1600 1471 1672 ejus
1515 1597 1615 1653 ille
1661 1603 1973 1672 superaret.
2059 1604 2217 1675 '’2⁷1³ss
2261 1595 2406 1672 ³345„

188 1679 452 1761 Respice
491 1700 530 1738 a
569 1699 688 1753 me,
743 1680 971 1737 vultum
1003 1688 1169 1737 tuum
1203 1671 1415 1738 iratum
1453 1698 1490 1736 a
1529 1698 1621 1737 me
1663 1690 1927 1747 avertas,
1977 1669 2190 1736 desiste
2220 1698 2257 1736 a
2291 1663 2406 1751 mc:

186 1783 259 1822 ne
288 1767 543 1843 amplius
570 1764 797 1823 validos
832 1783 1036 1821 manus
1066 1776 1201 1823 tuae
1233 1765 1536 1822 conflictus
1566 1761 1962 1822 continuando
1991 1763 2123 1840 (Vs.
2157 1762 2283 1842 ll.)
2312 1783 2406 1823 me

189 1853 423 1927 penitus
466 1869 770 1908 consumas
818 1847 920 1924 (cf.
964 1848 1091 1907 Job.
1134 1850 1194 1924 7,
1234 1847 1403 1928 19.),
1464 1846 1732 1932 07:³53&
1779 1856 1851 1904 ut
1895 1865 2178 1907 serenare
2219 1851 2405 1908 liceat

190 1939 313 1993 scil.
361 1941 506 2015 0³32
537 1934 845 2007 frontem,
902 1933 1062 1991 luctu
1104 1944 1162 1991 et
1207 1953 1473 1993 moerore
1515 1916 1837 2010 perditam,
1892 1942 1960 1990 ut
2001 1953 2093 1992 me
2130 1952 2403 2006 recreem,
2466 1922 2474 1929 ”

188 2030 395 2110 ’3οΓξῖ
438 2003 567 2106 33}ss
609 2029 793 2103 2:qu
829 2026 1143 2094 antequam
1169 2018 1395 2091 abeam,
1428 2028 1490 2076 et
1518 2036 1646 2077 esse
1677 2017 1958 2075 desinam.
2025 2015 2142 2107 ἕξει,
2172 2022 2404 2096 proprie

188 2099 303 2164 est':
349 2107 586 2180 flabit,
626 2096 965 2184 splenduit,
1009 2120 1254 2162 serenus
1277 2103 1441 2177 fuit.
1493 2103 1605 2162 ‘lis
1644 2105 1707 2161 in
1740 2103 1921 2172 locis,
1965 2104 2067 2161 ubi
2101 2106 2164 2161 in
2196 2101 2404 2180 Hiphil

184 2193 467 2267 ponitur,
507 2198 647 2254 ϋηο
690 2198 779 2247 est
819 2188 1309 2263 subaudiendum,
1348 2189 1505 2268 quod
1530 2207 1741 2250 nomen
1770 2195 1831 2245 ct
1866 2188 1932 2246 in
1958 2188 2097 2247 aliis
2127 2183 2406 2269 loquendi

185 2277 459 2337 formulis
500 2296 618 2337 non
658 2292 883 2350 semper
926 2279 1073 2334 solet
1112 2277 1378 2353 exprimi.

1155 2467 1205 2527 P
1222 2486 1274 2529 s·
1334 2470 1440 2528 40.

360 2580 415 2641 E
460 2584 729 2641 maximis
768 2585 1040 2661 periculis
1081 2584 1194 2646 Dei
1232 2605 1292 2645 se
1334 2607 1441 2665 ope
1481 2594 1741 2663 ereptum
1782 2584 2108 2666 gloriatur,
2165 2584 2400 2660 ejusque

185 2670 654 2747 inexplicabilem
687 2672 759 2727 in*
782 2671 1031 2727 cultores
1066 2692 1203 2732 suos
1235 2668 1868 2745 bonitatem‘iniratur,
1924 2681 2099 2748 atque
2139 2668 2211 2726 ob
2252 2687 2402 2738 eam,

188 2755 318 2812 dum
358 2755 646 2812 sacrificia
675 2772 796 2812 non
826 2762 1118 2831 moratur,
1175 2755 1275 2813 sed
1308 2757 1494 2833 ipsum
1523 2754 1815 2813 hominem
1843 2757 2124 2833 requirit,
2179 2753 2402 2811 addicit

186 2859 306 2896 sese
338 2840 457 2911 illi,
482 2851 542 2897 et
572 2840 991 2899 celebraturum
1023 2861 1085 2900 se
1113 2843 1273 2900 canit
1294 2842 1587 2915 ,iustitiam
1620 2841 1742 2913 ejus
1770 2848 1828 2898 et
1853 2841 2195 2910 bonitatem,
2226 2855 2403 2913 quam

185 2927 410 3001 possit,
450 2926 683 3000 multis,
730 2928 902 3003 idque
932 2943 1155 2985 summo
1180 2936 1241 2984 et
1270 2934 1546 3001 perpetuo
1571 2914 1787 2983 studio.
1867 2923 2006 2982 lude
2030 2942 2203 2995 vero,
2244 2920 2400 2998 quod

188 3022 276 3069 tot
332 3028 408 3067 ac
460 3019 625 3067 tanta
674 3010 906 3075 divinae
953 3031 1095 3092 erga
1140 3030 1201 3085 se
1246 3009 1527 3067 bonitatis
1573 3009 1914 3066 documenta
1959 3016 2232 3084 expertus
2281 3014 2402 3077 est,

185 3114 342 3170 spem
377 3096 644 3170 concepit
680 3095 838 3168 fore,
886 3106 953 3153 ut
988 3117 1062 3155 ex
1090 3097 1163 3155 iis
1195 3093 1658 3165 calamitatibus,
1703 3111 1849 3170 quae
1880 3093 2065 3169 ipsum
2088 3092 2211 3165 jam
2243 3090 2404 3148 obsi-

189 3182 366 3253 dent,
424 3180 627 3236 liberet
665 3179 859 3252 Deus,
917 3201 1084 3257 quem
1128 3190 1292 3253 orat,
1346 3188 1414 3237 ut
1444 3179 1622 3236 libeat
1653 3178 1708 3234 ei
1740 3176 1936 3236 hostes
1968 3194 2105 3235 suos
2134 3173 2401 3250 dejicere,

185 3275 243 3324 et
276 3264 470 3323 bonos
510 3264 868 3344 benignitate
904 3286 1011 3324 sua
1051 3265 1378 3325 exhilarare
1418 3261 1547 3337 (Vs.
1589 3263 1685 3321 12.
1715 3262 1885 3340 sqq.).

360 3349 483 3416 Qui
509 3368 545 3406 a
571 3348 799 3408 Davide
832 3349 943 3408 hoc
969 3370 1202 3411 carmen
1227 3350 1445 3406 factum
1476 3349 1834 3419 existimant,
1871 3352 2180 3425 quaerunt,
2216 3345 2404 3423 quosl-

185 3452 321 3494 nam
350 3434 538 3491 fuerit
564 3436 879 3511 periculum
912 3437 1092 3509 illud,
1153 3457 1184 3495 e
1217 3453 1331 3511 quo
1362 3433 1668 3491 liberatum
1701 3450 1763 3491 se
1797 3431 1910 3490 hoc
1939 3433 2195 3490 carmine
2222 3431 2399 3489 canit.

184 3517 459 3596 Plerique
499 3520 862 3596 interpretes,
905 3525 1236 3599 conjectura
1268 3519 1575 3599 admodum
1606 3519 1831 3576 incerta
1862 3517 2044 3590 ducti,
2088 3515 2402 3576 Absaloni-

185 3606 266 3662 cis
324 3604 681 3679 temporibus
728 3603 884 3663 hunc
929 3606 1218 3664 Psalmum
1261 3604 1550 3663 tribuunt.
1633 3601 1816 3671 Quasi
1858 3620 1999 3661 vero
2049 3620 2180 3660 cum
2222 3600 2402 3658 nullis

187 3690 317 3745 aliis
360 3689 829 3762 calamitatibus,
891 3710 1019 3749 cum
1060 3693 1240 3749 nullis
1279 3690 1412 3748 aliis
1451 3687 1834 3760 adversariis,
1892 3687 2012 3744 nisi
2049 3705 2294 3764 quorum
2333 3685 2398 3741 in

185 3773 354 3831 libris
386 3771 453 3828 V.
476 3770 548 3829 ¹1¹.
575 3772 872 3832 historicis
902 3778 1120 3833 mentio
1153 3786 1241 3833 est
1268 3773 1442 3848 facta,
1481 3770 1701 3830 Davidi
1730 3768 2178 3831 conflictandum
2204 3769 2402 3847 fuerit,

108 3928 113 3939 .
192 3868 256 3914 ut
291 3857 370 3914 ad
412 3858 519 3914 illa
562 3859 685 3916 sola
722 3861 876 3938 regii
916 3863 1068 3917 vatis
1113 3860 1404 3933 pericula,
1460 3874 1606 3934 quae
1637 3854 1826 3912 literis
1859 3865 2000 3915 sunt
2029 3857 2400 3937 consignata,

192 3959 390 3999 omnes
426 3951 486 3999 et
515 3942 737 4023 singuli
777 3946 898 4018 ejus
930 3943 1149 4002 Psalmi
1176 3946 1298 4000 siat
1329 3941 1638 4001 referendi.
1722 3937 1848 3999 Nos
1891 3949 2083 3999 tamen
2127 3958 2232 3998 sua
2268 3941 2400 3998 luce

188 4023 480 4083 Psalmum
523 4028 838 4086 clarescere
877 4029 1266 4101 arbitramur,
1325 4029 1417 4099 si,
1470 4035 1538 4083 ut
1574 4024 1756 4098 duos,
1803 4026 1905 4103 qui
1937 4027 2199 4101 proxime
2231 4041 2403 4101 prae-

192 4121 525 4182 cesserunt,
581 4115 665 4169 ita
711 4124 771 4171 et
817 4112 975 4171 hunc
1015 4131 1123 4190 pro
1170 4123 1296 4170 toto
1341 4112 1557 4189 populo
1601 4108 1817 4167 factum
1855 4111 2157 4168 sumimus.
2240 4111 2406 4183 Quae

190 4196 361 4251 etiam
400 4195 621 4255 Jarchii
658 4200 953 4256 sententia
992 4206 1103 4256 est.

361 4280 515 4346 Quia
555 4293 761 4342 auctor
800 4283 1101 4359 Epistulae
1141 4282 1217 4340 ad
1258 4281 1556 4341 Hebraeos
1600 4273 1754 4356 (10,
1789 4273 1886 4365 5.)
1937 4275 2157 4337 Psalmi
2208 4278 2405 4336 nostri

186 4358 402 4424 Versus
434 4369 569 4425 7—
591 4369 686 4429 11.
729 4367 799 4429 de
834 4365 1072 4428 Christo
1104 4367 1396 4448 explicat,
1449 4366 1688 4447 plurimi
1719 4366 1877 4424 inter
1906 4358 2274 4425 Christianos
2309 4363 2405 4420 in-
