2747 4800
839 250 960 366 Pe.
1000 296 1164 385 106,
1206 297 1325 362 48.
1434 302 1549 368 Pe.
1595 320 1758 388 ¹07·
2086 318 2089 321 “
2253 295 2406 369 569

199 478 387 542 lChr.
422 482 523 553 16,
551 478 653 538 35.
694 482 759 540 in
796 501 865 541 eo
908 479 1176 553 Psalmo,
1233 502 1401 561 quem
1438 502 1539 560 per
1576 480 1863 582 Asaphum
1905 480 2159 541 Davides
2199 484 2406 542 fecisse

194 568 413 625 dicitur
455 565 672 624 Zionio
713 584 888 625 novo.
987 566 1104 627 Sed
1151 566 1383 625 videtur
1427 570 1481 625 ei
1527 569 1805 641 carmini,
1865 567 2018 643 quod
2066 570 2127 624 in
2179 568 2404 625 Parali-
2492 610 2497 615 .

196 648 502 727 Ροιιιοιιῶιι
541 652 692 710 libro
734 661 962 725 exstat,
1024 651 1137 755 hoe
1177 652 1631 712 additamentum
1670 671 1745 710 cx
1786 662 1989 709 nostro
2032 651 2260 710 Psalmo
2300 654 2407 711 ad·-

193 749 389 795 sutum
431 754 574 794 esse.

367 857 470 915 48.
554 854 685 916 vid.
725 853 802 912 ad
841 855 948 927 41,
987 855 1086 911 14.

1146 1043 1258 1104 Ps.
1322 1045 1464 1104 107.

365 1158 496 1219 Hoc
526 1159 755 1218 Psalmo
789 1160 1043 1237 quinque
1069 1162 1313 1235 produci
1343 1164 1555 1220 classes
1585 1163 1840 1233 illorum,
1882 1161 1983 1236 qui
2016 1181 2090 1219 ex
2119 1164 2408 1242 angustiis

196 1257 257 1306 et
283 1246 557 1324 periculis
585 1245 813 1303 liberati
843 1246 917 1303 ad
949 1248 1170 1322 gratias
1199 1244 1328 1304 Deo
1359 1248 1613 1326 agendas
1648 1246 1907 1304 devincti
1939 1247 2082 1318 sint,
2121 1257 2179 1303 et
2206 1248 2419 1325 primo·

143 1363 150 1377 ι
196 1333 451 1410 quidem,
492 1330 614 1407 qui,
654 1339 957 1405 postquam
991 1330 1222 1389 sedibus
1258 1334 1381 1389 suis
1412 1333 1641 1409 expulsi
1670 1348 1948 1388 summam
1981 1331 2096 1388 cibi
2123 1339 2410 1409 potusque

198 1417 502 1494 penuriam
559 1415 715 1490 passi
766 1424 995 1488 essent,
1053 1418 1315 1474 restituti
1361 1419 1486 1473 sint
1530 1435 1567 1473 a
1614 1415 1744 1474 Deo
1790 1418 1855 1471 in
1897 1434 2021 1471 rem
2064 1416 2412 1473 familiarem

199 1500 330 1577 (Vs.
356 1502 397 1556 2
421 1531 486 1542 —
510 1500 634 1573 9.);
678 1499 954 1570 secundo,
997 1503 1099 1576 qui
1129 1520 1202 1558 ex
1229 1519 1461 1558 carcere
1490 1513 1549 1559 et
1583 1502 1830 1557 vinculis
1862 1501 1924 1555 in
1958 1500 2286 1557 libertatem
2306 1519 2412 1567 ,as-

153 1602 158 1607 ·
197 1587 352 1644 serti
381 1586 587 1659 (-10—-
612 1580 757 1658 la),
791 1585 999 1656 tertio,
1032 1586 1131 1661 qui
1157 1605 1231 1642 ex
1258 1586 1460 1643 morbo
1487 1587 1760 1665 graviore
1790 1585 2018 1640 liberati
2047 1584 2412 1661 (17—22.),

201 1678 443 1747 quarto,
481 1671 581 1745 qui
611 1688 685 1726 ex
717 1670 955 1731 immani
982 1671 1233 1746 procella
1263 1672 1411 1727 salvi
1440 1672 1501 1726 in
1532 1682 1760 1746 portum
1788 1667 2020 1725 deducti
2043 1668 2414 1746 (avg—32),

201 1756 409 1831 quibus
439 1753 686 1830 denique
722 1754 1098 1833 subjungitur
1129 1756 1322 1833 imago
1358 1765 1582 1826 terrae,
1624 1772 1805 1831 quae,
1851 1761 2158 1830 postquam
2183 1764 2416 1812 vastata
2480 1756 2497 1779 ⁸
2550 1726 2553 1739 <

202 1841 431 1915 penitus
465 1839 786 1913 incolisque
815 1838 1018 1895 orbata
1045 1849 1231 1911 esset,
1273 1840 1558 1916 receperit
1590 1858 1745 1897 nunc
1776 1839 2012 1895 colonos
2042 1856 2201 1912 suos,
2245 1848 2417 1916 atque

202 1923 277 1981 ad
316 1924 623 1998 pristinam
660 1922 950 1979 culturam
987 1923 1417 2000 ubertatemque
1445 1924 1721 1996 redierit,
1772 1921 2141 1980 manifestum
2177 1932 2297 1994 est,
2354 1930 2416 2000 et

205 2008 462 2080 pluribus
510 2005 845 2081 jamdudum
895 2007 1306 2082 interpretibus
1359 2009 1753 2068 observatum.
1854 2006 2226 2085 Singularem
2276 2026 2418 2067 vero

202 2094 456 2169 partium
530 2095 761 2148 illarum
830 2093 1117 2148 rationem
1185 2101 1246 2149 et
1314 2093 1758 2168 dispositionem
1832 2092 2051 2167 primus
2119 2095 2414 2169 perspexit

204 2176 661 2234 Scmwnnnnus
703 2175 796 2253 (in
825 2174 1162 2251 Dissertatt.
1205 2197 1257 2252 p.
1290 2180 1436 2235 480.
1466 2173 1654 2254 sqq.)‚
1697 2178 1797 2273 qui
1833 2176 2131 2251 praeclare
2164 2178 2416 2249 monuit,

207 2280 354 2337 quae
385 2263 601 2336 primae
630 2259 903 2336 strophae
937 2263 1382 2336 praemittitur,
1419 2261 1727 2320 formulam
1764 2250 1869 2324 '727
1917 2264 2117 2322 ann-⁸³*
2164 2261 2308 2339 (vid.
2344 2262 2418 2319 ad

259 2344 426 2423 s..2)
464 2347 640 2404 etiam
671 2344 744 2402 ad
772 2357 888 2403 tres
923 2347 1175 2422 reliquas
1203 2365 1383 2426 aeque
1410 2348 1719 2424 pertinere,
1759 2355 1932 2424 atque
1960 2326 2040 2402 ad
2070 2343 2166 2404 Vs.
2198 2348 2416 2406 10.17.

206 2441 267 2489 et
311 2432 413 2492 23.
465 2448 589 2489 esse
637 2431 1022 2506 repetendam.
1112 2432 1432 2505 „Etenim,
1488 2452 1637 2509 quae
1684 2435 1926 2508 primam
1968 2432 2419 2507 subsequuntur,

206 2515 511 2593 strophae,
555 2515 628 2572 ad
655 2517 777 2588 ejus
804 2518 1125 2591 exemplum
1152 2520 1239 2574 ita
1270 2528 1410 2576 sunt
1439 2518 1669 2592 penitus
1700 2516 2130 2590 conformatae,
2182 2525 2247 2573 ut
2283 2534 2420 2593 par-

193 2602 365 2658 ·tibus
396 2601 518 2658 suis
551 2602 798 2678 singulis
830 2599 1133 2659 manifesto
1160 2604 1249 2659 illi
1275 2601 1678 2678 respondeant.
1749 2602 1940 2659 Primo
1977 2609 2199 2657 certum
2233 2599 2415 2678 genus

208 2684 508 2743 hominum
565 2684 943 2760 producitur,
1013 2684 1216 2743 deinde
1271 2688 1586 2762 exponitur
1652 2686 1998 2743 calamitatis
2052 2685 2418 2764 magnitudo,

210 2772 471 2854 sequitur
508 2771 716 2826 auxilii
752 2768 959 2840 divini,
1000 2772 1233 2846 ejtisque
1264 2771 1529 2845 precibus
1561 2768 1885 2850 efflagitati,
1928 2769 2419 2840 commemoratio,

213 2865 272 2911 et
306 2855 378 2911 ad
408 2848 635 2932 gratias
658 2852 783 2910 Deo
814 2854 1164 2932 perageudes
1196 2854 1528 2911 exhortatio
1558 2854 1948 2934 subjungitur.
2004 2852 2214 2929 Igitur,
2243 2872 2419 2927 quum
2528 2897 2535 2906 ,

210 2943 382 3015 plane
420 2939 615 2995 eadem
657 2947 927 3013 appareat
968 2938 1336 3014 stropharum
1376 2939 1633 2995 omnium
1671 2939 1846 2996 facies
1879 2946 1935 2992 et
1965 2936 2182 3009 forma,
2241 2937 2418 2993 intel-

210 3023 450 3101 ligitur,
510 3021 663 3099 quod
708 3021 991 3098 praecedit
1020 3024 1258 3081 verbum
1299 3035 1496 3084 'mmm
1540 3042 1663 3081 non
1701 3025 1805 3081 uni
1849 3022 2065 3098 primae
2098 3023 2324 3095 privum
2363 3032 2422 3078 et

213 3110 535 3184 peculiare,
604 3105 702 3163 sed
747 3107 984 3182 reliquis
1033 3110 1208 3165 etiam
1260 3126 1560 3166 commune
1608 3127 1731 3165 csse
1777 3106 2002 3164 debere.
2091 3104 2421 3179 Praeterea,

214 3194 332 3248 nisi
361 3201 655 3268 repetatur
685 3190 934 3248 formula
965 3191 1122 3265 haec,
1164 3191 1423 3264 verbum,
1454 3213 1567 3269 quo
1600 3192 1893 3250 commode
1922 3188 2267 3261 referantur,
2302 3207 2422 3248 non

107 3293 116 3298 ·
213 3274 426 3334 habent
465 3278 699 3333 nomina
742 3282 888 3362 *fun
932 3285 1080 3337 ἐυ-ι
1127 3275 1224 3334 Vs.
1260 3281 1371 3349 10.,
1422 3274 1602 3341 0³57&
1649 3275 1743 3333 Vs
1776 3278 1869 3333 17.
1877 3276 1917 3310 “
2002 3277 2420 3352 Argumentum

216 3361 490 3417 carminis
531 3361 681 3437 quod
714 3363 943 3433 attinet,
986 3364 1241 3438 plerique
1269 3372 1558 3436 statuunt,
1588 3364 1885 3421 continere
1914 3362 2055 3416 illud
2093 3362 2420 3435 generalem

217 3445 765 3502 commendationem
820 3445 1218 3521 providentiae
1271 3458 1443 3523 atque
1487 3447 1866 3526 benignitatis
1922 3444 2189 3516 divinae,
2254 3463 2426 3519 quam

218 3540 391 3602 poeta
421 3531 693 3605 exemplis
727 3529 1065 3605 quibusdam
1096 3532 1467 3605 demonstret,
1498 3552 1571 3591 ex
1602 3531 1809 3609 quibus
1836 3529 2153 3607 singularis
2186 3530 2287 3585 illa
2313 3528 2425 3586 Dei

219 3613 585 3692 benignitas,
643 3617 900 3691 potentia
947 3625 1007 3672 et
1050 3618 1336 3692 sapientia
1382 3619 1444 3673 in
1486 3618 1905 3696 gubernatione
1951 3614 2118 3687 hujus
2165 3614 2424 3670 universi

220 3701 498 3776 cognosci
541 3702 739 3774 possit.
825 3698 1141 3757 Verissime
1177 3713 1372 3758 tamen
1417 3703 1746 3762 observavit
1788 3698 2217 3769 Schnurrerus,
2274 3696 2429 3755 hunc

219 3785 409 3840 locum
446 3784 497 3839 si
528 3793 778 3842 tractare
809 3784 871 3840 in
908 3787 1101 3843 animo
1142 3787 1436 3843 habuisset
1470 3799 1672 3863 poeta,
1735 3797 1799 3842 ut
1834 3784 2131 3860 providam
2159 3782 2431 3840 Numinis

221 3885 442 3939 curam,
479 3885 624 3946 quae
653 3887 848 3927 omnes
881 3873 1069 3926 omnis
1105 3872 1334 3951 generis
1364 3871 1624 3929 homines
1654 3871 2089 3945 complectatur,
2120 3868 2433 3925 celebraret

225 3953 797 4030 commendaretque,
869 3956 1057 4012 multo
1102 3955 1559 4014 aliter-scenam
1606 3959 2063 4024 instructurum,
2134 3962 2306 4028 atque
2358 3971 2433 4010 ex

223 4037 491 4106 infinita,
545 4056 691 4113 quae
741 4048 971 4112 praesto
1022 4049 1182 4113 erat,
1244 4042 1619 4099 multitudine
1665 4040 2053 4115 exemplorum
2098 4039 2264 4116 copia
2311 4037 2434 4094 alia

223 4120 621 4179 adhibiturum
654 4122 853 4204 fuisse,
892 4141 1038 4198 quae
1069 4124 1142 4182 ad
1168 4143 1289 4196 eos,
1328 4127 1535 4202 quibus
1569 4129 1827 4204 proxime
1855 4121 2160 4195 scribebat,
2200 4121 2435 4199 propius

223 4206 608 4283 pertinerent,
646 4218 821 4285 atque
848 4206 923 4264 ad
950 4211 1176 4267 animos
1205 4226 1404 4268 eorum
1432 4212 1744 4270 movendos
1774 4210 2078 4266 certiorem
2120 4211 2241 4265 vim
2270 4206 2436 4264 habi-

226 4302 364 4348 tura
406 4303 635 4365 essent,
694 4312 864 4371 quam
913 4312 961 4350 e.
1003 4313 1052 4352 e.
1093 4293 1215 4353 fata
1256 4297 1663 4375 navigantium
1708 4292 1835 4373 (Vs.
1876 4290 2228 4370 23—32.).
2314 4288 2436 4362 „3¹

223 4393 364 4432 vero
417 4379 661 4452 primam
709 4380 982 4440 carminis
1041 4391 1266 4459 partem
1324 4383 1570 4440 seorsim
1624 4378 1973 4457 spectaretis
2030 4371 2205 4456 (utor
2244 4373 2436 4433 verbis

739 4533 773 4552 N
