2747 4800
923 240 1560 347 'P..59‚6--8.
1788 327 1789 330 Ν
2008 251 2012 255 ·
2213 253 2355 327 371

165 450 442 509 adversus
485 446 681 505 orbem
718 454 1039 520 terrarum,
1097 461 1255 504 nunc
1290 441 1557 520 quidem,
1615 436 1760 498 nihil
1798 435 1973 497 habet
2011 439 2166 515 quod
2201 452 2357 522 egat.
2401 487 2407 502 ,

162 537 346 604 Quem
387 533 602 591 nodum
640 533 747 588 alii
778 533 949 588 aliter
977 533 1198 589 solvere
1231 536 1551 586 tentarunt.
1593 576 1598 581 .
1631 521 1819 598 Sunt,
1872 524 1973 601 qui
2004 525 2358 600 existiment,

158 618 317 678 hunc
356 616 648 675 Psalmum
692 616 1181 674 adnumerandum
1218 631 1342 671 esse
1387 613 1496 683 iis,
1549 610 1648 685 qui
1685 619 1889 668 contra
1931 609 2111 665 totius
2150 612 2360 686 populi

157 703 415 763 Hebraei
447 700 663 776 hostes,
696 710 906 779 gentes
936 709 1186 772 exteras,
1228 697 1510 754 auxilium
1542 711 1579 750 a
1603 690 1728 751 Deo
1758 702 1995 769 petunt,
2033 710 2140 749 nec
2167 696 2355 752 ratio·-

157 806 292 845 nem
335 785 671 844 habendam.
695 803 818 842 esse
859 785 1017 858 ejus,
1076 785 1232 868 quod
1271 780 1488 839 Psalmi
1528 776 1835 850 inscriptio
1878 776 2137 851 indicat,
2193 777 2356 853 facti,
2438 834 2449 850 ,

157 870 316 948 quod
363 868 646 927 Davidem
692 868 766 927 ad
810 868 992 940 hasce·
1022 888 1216 945 preces
1258 864 1569 942 impulerit.
1651 860 1921 919 Attamen
1970 879 2146 938 quum
2188 863 2356 938 plura

153 957 278 1015 alia
311 953 480 1028 hujus
512 952 762 1025 Psalmi,
803 954 985 1011 veluti
1019 953 1118 1011 Vs.
1147 954 1205 1010 3.
1233 953 1296 1007 4.
1327 949 1386 1007 5.
1417 954 1471 1008 7.
1505 948 1565 1006 8.
1594 945 1689 1004 15.
1724 944 1822 1004 16.
1859 946 2103 1020 tempori
2135 955 2193 1004 et
2220 965 2357 1005 cau-

155 1057 296 1111 sae,
353 1058 522 1115 quam
570 1039 775 1095 titulus
818 1036 1073 1110 indicat,
1131 1037 1275 1095 bene
1318 1034 1699 1101 conveniant,
1772 1048 1893 1087 non
1936 1047 2059 1089 esse
2100 1028 2356 1104 videtur,

155 1142 265 1182 eur
310 1124 468 1181 illius
506 1122 810 1180 veritatem
853 1123 917 1178 in
956 1123 1338 1198 suspicionem
1379 1134 1666 1176 vocemus.
1745 1111 2010 1187 Kimchi,
2071 1111 2354 1173 Davidem

145 1205 580 1278 vehementiore
619 1205 829 1264 affectu
861 1209 1231 1279 concitatum,
1269 1222 1442 1280 quum
1475 1201 1902 1271 consideraret,
1942 1197 2089 1255 nihil
2124 1200 2355 1274 penitus

143 1293 440 1369 justitiae,
483 1292 656 1348 etiam
691 1290 841 1367 apud
871 1289 1188 1361 Israelitas,
1228 1304 1557 1364 superesse,
1599 1285 1660 1341 in
1694 1282 2032 1342 haec,verba
2067 1284 2354 1358 erupisse:

150 1375 380 1451 evigila
415 1376 498 1434 ad
534 1373 918 1445 visitandum,
961 1376 1002 1434 i.
1031 1395 1079 1433 e.
1114 1374 1183 1432 ad
1215 1368 1783 1430 animadvertendum
1808 1367 1870 1424 in
1904 1383 2095 1424 omnes
2123 1376 2355 1444 gentes,

149 1471 224 1519 nt
263 1480 368 1538 pro
414 1461 593 1518 totius
631 1459 790 1517 orbis
823 1459 1046 1533 judicio
1087 1460 1308 1527 orarit,
1367 1473 1481 1530 quo
1528 1453 1628 1530 qui
1674 1453 1865 1509 ubivis
1909 1452 2170 1531 gentium
2210 1452 2354 1509 mali

150 1555 392 1604 exstant
422 1547 543 1601 sint
572 1544 999 1623 exstinguendi.
1060 1541 1174 1601 Sed
1203 1539 1476 1600 videntur
1507 1554 1607 1614 per
1636 1537 1954 1594 convitium
1986 1537 2117 1614 ”3²¹³
2153 1528 2353 1596 vocari

153 1630 478 1688 adversarii
517 1636 756 1704 poetae,
799 1628 901 1704 qui
938 1627 1166 1705 quidem
1203 1635 1333 1683 ortu
1377 1621 1671 1679 Israelitae
1709 1629 1932 1692 essent,
1974 1619 2351 1677 barbarorum

150 1724 349 1771 autem
395 1715 740 1789 impietatem
782 1722 841 1768 et
887 1713 950 1769 in
996 1713 1277 1769 innocuos
1322 1707 1718 1767 crudelitatem
1752 1706 1946 1761 anirno
1987 1710 2047 1759 et
2091 1704 2350 1760 moribus

145 1797 459 1857 referrent.
549 1794 796 1854 Verbum
840 1807 968 1884 '7¹72
1023 1795 1118 1877 (de
1159 1814 1271 1872 quo
1314 1791 1431 1852 vid.
1477 1792 1582 1860 31,
1612 1786 1696 1868 6.)
1740 1797 1967 1863 praeter
2012 1787 2129 1845 alia
2174 1787 2348 1843 etiam

145 1881 447 1961 significat
490 1868 957 1939 animadverte&
999 1880 1060 1938 in
1101 1880 1384 1957 aliquem,
1444 1885 1512 1933 ut
1552 1872 1667 1930 Jes.
1696 1874 1928 1944 26,214.
1970 1870 2084 1928 Jer.
2114 1872 2217 1944 46,
2248 1871 2350 1928 25.

147 1980 259 2053 3213
300 1960 602 2050 ’ἵζω-53,
643 1962 928 2048 παπ-ΒΝ.
961 1962 1051 2022 Ne
1089 1963 1391 2033 miserere,
1432 1978 1505 2017 ne
1531 1973 1753 2035 parcas,
1790 1955 1966 2012 ullius
2005 1952 2209 2014 horum
2248 1953 2352 2011 ho-

145 2031 815 2129 minum⁸pessimoru311.
880 2048 971 2109 De
1001 2062 1113 2128 ‘732
1148 2046 1263 2105 vid.
1295 2047 1370 2103 ad
1399 2043 1503 2116 25,
1531 2043 1591 2099 3.
1657 2039 1788 2099 Hoc
1816 2041 1944 2097 loco
1977 2037 2352 2115 participium

145 2137 557 2193 nominascens
600 2135 916 2192 collocatur
948 2135 1011 2191 in
1050 2115 1367 2213 regimine,
1424 2131 1508 2185 ita
1549 2131 1618 2183 ut
1660 2134 2031 2182 construatur
2075 2142 2205 2180 cum
2246 2124 2351 2181 ad-

136 2222 350 2294 juncto
384 2218 935 2305 iniquitalis,‚·1323;
977 2227 1034 2274 et
1063 2215 1401 2275 vertendum
1437 2213 1515 2269 sit
1552 2208 2086 2288 praevaricatores
2130 2207 2352 2286 iniqui.

144 2305 342 2373 tatis,
384 2305 421 2360 i.
454 2322 506 2359 e.
540 2303 921 2378 iniquissimi,
981 2310 1048 2360 ut
1083 2317 1257 2378 snpra
1284 2298 1381 2354 Vs.
1412 2299 1474 2355 3.
1515 2293 1772 2353 homines
1818 2291 2169 2369 sanguinum
2209 2297 2352 2350 sunt

141 2388 605 2468 sanguinolenti,
649 2387 1052 2445 crudelissimi.
1116 2384 1202 2445 cf.
1240 2383 1355 2442 Jer.
1393 2383 1491 2456 12,
1526 2383 1580 2439 l.

320 2517 379 2573 7.
461 2508 629 2602 τηυξ
682 2510 866 2602 anulii
915 2512 1329 2571 Revertantur
1381 2511 1451 2569 ab
1496 2510 1726 2568 insidiis
1768 2506 1890 2563 suis
1939 2503 2077 2580 (Vs.
2109 2498 2214 2579 4.)
2271 2501 2356 2561 ad

142 2617 487 2677 vesperam,
545 2576 637 2657 die
677 2601 931 2657 inaniter
972 2606 1308 2670 consumto,
1361 2614 1430 2655 re
1471 2593 1700 2651 infecta.
1781 2589 2086 2666 Respicere
2119 2588 2351 2646 videtur

141 2687 217 2744 ad
253 2686 596 2742 sicariorum
629 2686 783 2741 circa
817 2683 983 2742 aedes
1016 2701 1150 2739 suas
1186 2681 1692 2758 praestolationem
1723 2685 1784 2733 et
1811 2675 2091 2745 insidias,
2153 2688 2188 2727 a
2221 2673 2353 2748 qui-

143 2771 258 2829 bus
299 2768 537 2825 aedibus
578 2770 765 2826 altero
809 2768 900 2825 die
938 2778 1224 2826 revertere
1256 2775 1315 2823 et
1343 2763 1633 2821 discedere
1662 2760 2023 2840 cogebantur
2060 2756 2131 2813 ob
2162 2751 2352 2827 Davi,-

143 2856 279 2913 dem
314 2852 457 2932 fuga
485 2854 760 2928 elapsum.
843 2847 1014 2917 2⁷:⁴2:
1058 2860 1212 2914 amn*
1255 2845 1540 2905 Fremant
1584 2854 1653 2901 ut
1689 2844 1881 2914 canis,
1925 2860 2003 2898 sc.
2032 2839 2350 2906 famelicus,

144 2940 282 2997 cibo
344 2936 443 2994 diu
495 2938 755 3014 quaesito
815 2915 1475 2994 des⁷tftfitus.²⁸⁸*verbum
1529 2936 1712 3015 Γυξιῖ,
1783 2926 1937 3002 quod
1983 2924 2052 2983 de
2096 2921 2352 2999 quolibet

140 3022 399 3098 strepitu
429 3022 662 3100 proprie
687 3018 922 3094 dicitur,
958 3019 1055 3078 hic
1084 3017 1157 3077 ad
1191 3035 1396 3075 canum
1421 3012 1706 3072 ululatum
1734 3008 2058 3081 transferri,
2094 3023 2188 3064 res
2219 3006 2346 3080 ipsa

142 3109 356 3178 docet,
409 3126 582 3185 quare
619 3105 804 3184 Syrus
844 3117 904 3163 et
945 3104 1129 3163 Arabs
1173 3111 1359 3162 recte:
1416 3097 1657 3159 ululent.
1745 3092 2175 3153 Alexandrinus
2221 3107 2347 3146 cum

137 3193 441 3270 vulgato:
480 3185 856 3271 λιμῶξουσιι·,
881 3189 1116 3264 famem
1153 3187 1495 3267 patientur.
1577 3177 1691 3237 Sed
1726 3177 2065 3236 Bocnsnro
2096 3172 2351 3231 Hier-oz.

141 3277 218 3337 T.
259 3274 301 3333 1.
345 3296 400 3352 p.
429 3278 590 3350 763„
630 3278 731 3335 ubi
763 3277 960 3334 multis
993 3273 1061 3332 de
1093 3272 1202 3331 hoc
1231 3274 1358 3329 loco
1389 3268 1539 3347 agit,
1580 3264 1892 3321 verisimile
1919 3270 2027 3332 est,
2066 3258 2349 3317 Graecum

59 3364 83 3381 ⁸
139 3363 516 3436 interpretem
556 3354 991 3440 μαιμᾶξουσιν,
1040 3362 1350 3436 streperet,
1401 3351 1718 3427 scripsisse.
1800 3357 1917 3426 Ἢν.
1972 3345 2219 3437 ῆῧξῆῦη
2262 3339 2345 3397 Ee

137 3455 519 3523 percurrant
557 3445 790 3521 urbem,
845 3463 1049 3502 canum
1082 3441 1473 3499 famelicorum
1506 3436 1727 3505 instar,
1778 3433 1879 3509 qui
1917 3428 2137 3487 victum
2176 3443 2350 3503 quae-

139 3539 306 3587 runt.
391 3526 482 3587 De
522 3531 759 3589 canibus
798 3531 969 3588 urbes
1008 3530 1072 3585 in
1102 3527 1280 3586 terris
1309 3520 1570 3582 Orientis
1597 3535 1809 3597 magno
1842 3529 2080 3572 numero
2106 3526 2347 3589 percur-

140 3614 433 3687 rentibus,
477 3616 593 3674 vid.
630 3615 739 3674 das
771 3614 891 3672 alte
920 3631 978 3670 u.
1009 3629 1154 3669 neue
1181 3604 1467 3684 Morgenl.
1507 3603 1573 3662 P.
1602 3601 1697 3660 lv.
1738 3622 1795 3679 p.
1821 3599 1922 3659 76.

319 3740 381 3800 8·
465 3748 671 3823 Divom
721 3748 919 3826 μνη.)
976 3737 1281 3796 Eruetant
1339 3751 1443 3791 ore
1490 3748 1632 3802 suo,
1686 3725 1928 3786 subaudi
1971 3719 2354 3809 nfizfflmala,

143 3826 360 3898 noxia,
404 3809 692 3904 quomod'o
721 3830 956 3905 integre
989 3821 1129 3880 haec
1159 3819 1384 3897 phrasis
1413 3815 1654 3874 habetur
1683 3812 1857 3870 Prov.
1881 3806 1978 3883 15,
2004 3808 2109 3864 28.
2181 3804 2351 3863 Vei-b.
2448 3843 2468 3853 -

144 3922 256 3995 5:32
299 3913 538 3987 proprie
574 3921 662 3969 est
700 3911 1040 3981 scaturire,
1086 3906 1410 3978 diciturque
1445 3902 1515 3959 de
1550 3897 1743 3964 fonte,
1785 3913 1884 3952 seu
1921 3910 2071 3971 aqua
2102 3891 2355 3959 vivente,

143 3996 483 4067 ebulliente,
515 4006 636 4055 tum
665 4004 858 4054 autem
885 3990 1232 4052 transfertur
1261 3988 1334 4045 ad
1366 4002 1705 4054 sermonem,
1737 3989 2095 4038 emanantem
2132 3993 2208 4033 ex
2233 3991 2356 4045 ore,

145 4079 317 4153 plane
350 4091 418 4137 ut
457 4081 600 4159 ἱύζιἾ
644 4081 742 4157 (de
771 4099 886 4156 quo
920 4078 1037 4138 vid.
1067 4074 1162 4133 Ps.
1199 4072 1304 4141 45,
1330 4066 1465 4144 2.);
1522 4066 1661 4125 hinc
1695 4067 1873 4124 etiam
1902 4060 2197 4140 significat
2230 4074 2355 4113 ma·

144 4162 492 4237 amum,
544 4147 916 4243 firmamur.
947 4158 1053 4241 (ut
1099 4159 1196 4229 19,
1224 4158 1282 4214 3.
1338 4156 1444 4227 78,
1470 4154 1531 4210 2.
1579 4150 1720 4223 14⁵,
1754 4146 1863 4228 7.).
1949 4145 2030 4203 H.
2070 4145 2109 4202 ι.
2151 4152 2258 4202 ³2:12
2294 4140 2357 4197 in

144 4248 357 4303 malam
400 4259 620 4324 partem
663 4257 974 4324 usurpatur
1015 4240 1109 4322 (ut
1140 4243 1244 4313 94,
1274 4234 1380 4314 4.).
1465 4238 1854 4327 ΠηἾῃῆηςΨξ
1894 4233 2112 4316 τήϊζῃ,
2154 4218 2360 4282 Gladio·

146 4331 210 4386 in
257 4330 430 4389 labiis
472 4351 708 4407 eorum,
759 4348 1052 4405 sermones
1083 4346 1279 4388 eorum
1313 4323 1454 4381 adeo
1485 4322 1731 4381 aculeati
1761 4325 1899 4375 sunt
1927 4322 1985 4371 et
2013 4312 2363 4377 sauciantes,

1595 4403 1780 4463 Aaz
1840 4400 1859 4407 ‘
