2747 4800
333 264 488 342 552
1103 271 1229 340 Ρ..
1290 266 1457 353 104,
1509 216 1770 332 3-’.64

284 458 290 464 ’
336 466 398 514 ct
417 455 734 514 secessibus
755 453 1125 528 destinatum,
1152 456 1291 512 licet
1313 455 1552 528 januam
1577 469 1779 511 versus
1807 450 1935 508 illas
1956 447 2184 519 habeat,
2209 449 2552 525 plerumque

337 543 629 611 clausam,
684 558 910 598 coccam
954 552 1250 614 praeterea
1292 540 1543 609 scalam,
1609 557 1707 612 per
1755 554 1928 612 quam
1969 531 2275 605 descendi,
2331 543 2390 590 et
2439 553 2550 609 pet

337 625 685 702 peculiarem
717 625 1016 682 coenaculi
1042 635 1270 700 portam
1298 626 1448 681 exiri
1480 626 1542 680 in
1566 626 1813 698 plateam
1841 630 2051 695 potest.
2108 618 2325 675 Eadem
2346 621 2553 697 signi-

336 709 608 769 ficatione
653 708 979 766 Hebraeum
1022 704 1217 770 n'wbv
1258 707 1773 778 Jer.22,13.14.
1826 702 2288 774 lchr.28,11.
2341 703 2547 761 2Chr.

339 794 402 865 3,
431 794 495 849 9.
543 795 814 850 occurrit.
898 792 1001 851 Sic
1045 773 1254 870 igitur
1269 805 1328 851 et
1367 802 1566 850 noster
1606 791 1766 849 Deus
1810 788 2020 847 tribuit
2059 806 2166 845 sua
2208 789 2553 860 coenacula,
2632 848 2637 849 ⁷

339 895 476 935 suos
507 888 761 935 secretos
793 895 828 934 a
858 879 1205 935 mortalibus
1237 896 1529 949 secessus,
1568 895 1752 953 aqua,
1793 876 2014 955 glacie,
2060 872 2328 945 nubibus,
2365 891 2556 951 gran·-

233 1026 236 1031 ‚
340 962 476 1019 dine
510 962 902 1019 contabulata-
990 962 1276 1022 Arabibus
1310 965 1488 1021 etiam
1512 979 1839 1037 supremum
1871 960 2112 1030 coelum,
2157 957 2316 1014 sedes
2347 958 2558 1017 beato-

340 1064 493 1119 rmn,
530 1056 802 1122 tanquam
836 1049 1070 1123 propria
1102 1049 1284 1123 poetis
1317 1066 1457 1106 voce
1486 1045 1858 1103 coenaculum
1891 1041 2121 1100 dicitur.
2191 1038 2517 1099 Chaldaeus
2537 1059 2559 1100 z

340 1127 464 1210 Qui
507 1131 712 1211 operit
754 1132 929 1208 aquis
970 1133 1173 1190 instat·
1201 1140 1568 1190 -strueturae
1611 1128 1870 1187 trabium
1898 1129 2186 1208 porticus
2217 1144 2380 1184 suas.

509 1259 569 1314 4.
655 1256 889 1335 Duplex
925 1266 1012 1317 est
1045 1256 1213 1332 hujus
1242 1258 1457 1316 Versus
1501 1257 1908 1334 interpretatio
1924 1258 1949 1327 ,’
2005 1273 2179 1331 quum
2224 1255 2563 1330 praedicata

341 1343 408 1401 in
448 1342 798 1421 subiectum,
851 1357 921 1401 ut
949 1342 1258 1401 Dialectici
1287 1344 1614 1444 appellant,
1673 1353 1731 1398 et
1759 1341 2017 1416 subjecta
2052 1341 2114 1397 in
2156 1339 2561 1416 praedicatum

345 1430 629 1486 converti
648 1429 905 1504 possint,
949 1439 1007 1486 et
1036 1431 1159 1486 sin't
1187 1423 1326 1485 haec
1357 1431 1421 1484 in
1453 1425 1714 1484 Hebraeo
1745 1421 2083 1505 ἀμφίβολα.
2164 1424 2415 1482 Hebraei
2453 1426 2557 1481 in-

343 1522 738 1589 terpretantur
781 1513 906 1584 sic,
938 1515 1150 1571 ventis
1195 1512 1382 1570 Deum
1439 1515 1529 1568 uti
1575 1531 1679 1588 pro
1725 1512 1987 1583 nunciis,
2057 1520 2116 1566 et
2168 1510 2324 1588 ignis
2378 1510 2558 1566 etiam

340 1598 692 1667 ministerio,
720 1606 893 1672 atque
923 1599 1006 1655 ita
1034 1598 1323 1655 ministris
1352 1582 1634 1672 utrisque,
1665 1607 1730 1652 ut
1756 1593 1830 1652 ad
1858 1596 2213 1659 occasionem
2240 1595 2558 1650 mentionis

344 1683 415 1739 de
451 1691 759 1739 ventorum
802 1684 968 1756 quasi
1012 1682 1381 1759 aurigatione
1422 1680 1547 1765 (Vs.
1586 1680 1672 1753 3.)
1715 1682 1779 1737 in
1818 1679 1930 1736 hoc
1970 1681 2204 1754 insuper
2252 1677 2320 1734 de
2361 1680 2558 1734 ventis

341 1767 614 1845 ignisque
644 1767 970 1824 ministerio
1006 1766 1331 1839 adjiciatur.
1390 1754 1480 1822 Ita
1509 1763 1650 1822 haec
1677 1767 1791 1823 erit
1820 1765 2138 1822 sententia:
2181 1764 2269 1820 tui
2299 1763 2559 1819 ministri

341 1859 481 1908 sunt
514 1852 709 1923 venti,
751 1851 1012 1907 turbines
1048 1860 1105 1907 et
1136 1858 1537 1924 tempestates,
1595 1868 1740 1926 quos
1779 1851 2003 1921 mittis,
2064 1867 2176 1925 quo
2221 1848 2365 1904 libet
2408 1847 2556 1920 tibi3
2596 1853 2615 1867 ‘

341 1955 450 2011 pro
484 1933 715 1992 nunciis
749 1944 807 1991 et
845 1935 1056 2013 legatis
1095 1933 1186 1991 his
1224 1937 1440 1992 uteris:
1492 1935 1645 2013 ignis
1680 1932 1910 2015 flamma
1939 1931 2248 2012 flagrantis
2278 1931 2556 1988 similiter

340 2019 614 2077 ministra
644 2030 731 2077 est
761 2020 906 2091 tibi,
964 2022 1226 2095 utrisque
1259 2020 1543 2095 imperas,
1604 2019 1840 2092 utrique
1876 2029 2079 2092 parent
2112 2016 2253 2087 tibi,
2298 2016 2455 2073 venti
2496 2024 2560 2072 et
2668 2021 2694 2031 ⁶

340 2105 532 2181 ignis,
574 2103 792 2162 fulmen
827 2114 884 2161 et
911 2105 1218 2185 procellae.
1309 2103 1426 2163 Sed
1461 2103 1709 2180 epistola
1742 2100 1816 2159 ad
1852 2100 2167 2172 Hebraeos,
2213 2098 2352 2174 Cap.
2386 2101 2440 2170 l,
2472 2103 2559 2172 7.,

341 2205 579 2264 eamque
617 2191 849 2265 sequuti
892 2186 1101 2260 multi,
1154 2198 1213 2243 et
1254 2189 1407 2245 inter
1449 2189 1600 2245 alios
1647 2186 1969 2260 Lutherus,
2021 2187 2089 2243 de
2126 2187 2200 2242 iis
2233 2185 2564 2260 spiritibus,

344 2272 447 2347 qui
481 2271 688 2350 Angeli
727 2290 761 2327 a
792 2270 1111 2351 Theologis
1146 2283 1461 2345 vocantur,
1504 2272 1645 2330 haec
1677 2274 2165 2346 interpretantur;
2218 2282 2277 2326 et
2312 2270 2562 2344 epistola

346 2356 582 2431 quidem
613 2357 687 2414 ad
723 2354 1017 2415 Hebraeos
1061 2357 1189 2415 ideo
1230 2356 1304 2414 ad
1345 2360 1584 2436 angelos
1626 2356 1768 2414 haec
1800 2352 2014 2429 refert,
2070 2365 2134 2413 ut
2167 2354 2304 2412 hinc
2334 2353 2560 2425 doceat,

344 2437 451 2498 hos
494 2457 616 2497 esse
659 2450 977 2497 creaturas.
1060 2440 1391 2500 Secundum
1428 2441 1579 2499 hanc
1617 2443 1803 2523 igitur
1840 2440 2307 2518 interpretandus
2343 2435 2560 2495 Versus

345 2525 433 2580 sic
462 2526 610 2582 erit:
655 2534 811 2582 creat
838 2525 952 2582 sibi
978 2527 1246 2602 spiritus,
1288 2535 1444 2582 creat
1475 2528 1667 2606 ignem
1700 2526 2043 2597 flammeum,
2071 2527 2174 2603 qui
2204 2526 2325 2591 sint
2356 2524 2563 2581 nuncii

345 2617 406 2665 et
437 2610 688 2667 ministri
720 2610 834 2668 sui.
917 2606 1196 2689 Spiritus
1237 2619 1429 2668 autem
1467 2623 1569 2668 aut
1603 2615 1829 2683 ventos,
1871 2611 2105 2682 nim-l,
2143 2611 2389 2667 nuncios
2421 2608 2560 2665 illos

346 2693 666 2769 appellatos
712 2693 956 2767 volunt,
1024 2694 1178 2771 quod
1220 2697 1342 2751 sint
1385 2707 1650 2768 expertes
1698 2696 1997 2767 corporis,
2063 2713 2236 2772 quum
2279 2702 2454 2751 vento
2499 2701 2561 2749 et

287 2815 290 2822 ·
347 2778 584 2851 spiritui
613 2779 836 2835 nullum
865 2781 945 2836 sit
977 2798 1218 2856 corpus,
1262 2777 1331 2837 ut
1363 2781 1449 2852 ita
1479 2782 1697 2853 dicam,
1744 2771 2110 2860 &Uimi-spor·
2193 2779 2321 2838 Alii
2351 2777 2563 2853 duplex

343 2861 738 2941 praedicatum
778 2862 947 2938 hujus
981 2863 1194 2922 Versus
1223 2884 1326 2941 per
1356 2867 1843 2946 comparationem
1871 2862 2226 2943 Angelorum
2256 2882 2386 2920 cum
2419 2879 2563 2918 ven·

349 2946 434 3004 tis
477 2956 536 3004 et
579 2948 716 3024 igne
744 2949 1095 3025 flammante
1134 2948 1203 3005 de
1246 2951 1479 3007 illorum
1513 2949 1823 3007 velocitate
1859 2958 1918 3005 et
1950 2947 2200 3005 efficacia
2234 2950 2297 3005 in
2330 2944 2558 3026 agendo

344 3030 874 3112 intelligunt01ta
907 3031 1257 3093 Chaldaeus.
1302 3032 1424 3103 Qua·
1447 3033 1631 3106 facit
1670 3033 1918 3090 nuncios
1959 3045 2111 3090 suos·
2120 3033 2361 3090 veloces
2398 3031 2565 3088 sicut

347 3125 618 3193 ventum3
686 3117 998 3175 ministros
1041 3135 1180 3175 suos
1211 3118 1430 3193 fortes
1473 3119 1635 3175 sicut
1671 3118 1866 3195 ignem
1895 3119 2320 3196 flammantem.
2403 3115 2562 3174 Alii.

349 3198 520 3273 illos,
582 3202 687 3279 qui
740 3209 883 3258 sunt
935 3201 1135 3279 angeli
1149 3243 1168 3275 ‚
1222 3202 1405 3276 facit
1457 3218 1585 3258 esse
1634 3211 1876 3274 ventos,
1939 3202 2239 3260 vestiendo
2284 3218 2382 3258 eos
2426 3199 2565 3256 sub-

348 3286 569 3342 stantia
603 3286 787 3358 venti,
832 3299 898 3344 ut
927 3304 1058 3345 cum
1090 3288 1325 3346 salomo
1356 3286 1560 3344 valvas
1593 3286 1818 3363 ligneas
1851 3305 2064 3344 aarum
2095 3286 2300 3344 fecisse
2328 3286 2565 3356 dicitur,

350 3369 581 3444 quando
614 3389 713 3429 eos
740 3372 1068 3430 substantia
1098 3374 1232 3431 auri
1259 3373 1518 3442 vestivit,
1556 3370 1753 3429 uchr.
1781 3374 1844 3444 4,
1875 3373 1973 3429 18.
2000 3373 2099 3428 22.
2186 3369 2568 3446 simplicissi-

349 3469 508 3509 mum
552 3461 748 3513 tamen
789 3455 1051 3528 videtur,
1113 3455 1288 3528 haec,
1351 3466 1418 3513 ut
1450 3455 1705 3514 Hebraei
1742 3455 2001 3529 faciant,
2064 3456 2137 3515 ad
2185 3456 2471 3531 procellas
2509 3461 2570 3510 et

349 3533 860 3696 fulminlzgefgrrc,
892 3558 1039 3620 quae
1063 3542 1208 3647 alias
1237 3542 1414 3599 etiam
1439 3538 1570 3598 Deo
1599 3550 1666 3599 ut
1690 3542 1995 3600 ministros
2032 3543 2298 3601 tribuunt
2326 3537 2570 3624 Psalmi,

351 3637 394 3679 v
443 3639 475 3677 c

523 3748 582 3805 6.
664 3749 836 3809 Nunc
887 3762 1216 3830 enumerat,
1271 3754 1466 3829 inquit
1509 3751 1779 3826 Kimchi‚
1841 3755 2128 3833 quomodo
2168 3773 2202 3811 a
2252 3748 2572 3809 creationis

354 3832 531 3890 initio
583 3842 742 3896 terra
794 3840 960 3914 aquis
1013 3848 1277 3897 contecta
1321 3836 1517 3895 fuerit.
1605 3836 1888 3899 Suffixum
1939 3841 2012 3900 ad
2062 3843 2258 3901 'awos
2304 3835 2575 3893 referunt

355 3915 588 3992 quidam
636 3918 708 3976 ad
759 3930 1020 3995 terram,
1085 3942 1234 3999 quae
1274 3925 1538 4000 quamvis
1579 3922 1677 3980 Vs.
1715 3921 1771 3980 5.
1821 3926 2196 4002 praecesserit
2244 3924 2307 3978 in
2357 3936 2575 3999 genere

355 3999 640 4076 femineo,
696 4006 891 4063 rarius
931 4017 1121 4065 tamen
1165 4009 1336 4066 etiam
1376 4008 1698 4066 masculino
1738 4021 1946 4087 genere
1986 4010 2273 4078 occurrit,
2314 4014 2385 4061 ut
2425 4003 2643 4066 Gen..

361 4084 464 4157 13,
493 4088 551 4144 6.
595 4087 705 4145 Jes.
735 4090 796 4161 9,
831 4090 927 4146 18.
968 4089 1062 4147 Ps.
1096 4089 1236 4165 105,
1265 4094 1366 4149 30.
1452 4091 1544 4150 lta
1574 4091 1761 4150 verba
1783 4091 2027 4154 hebraea
2055 4095 2141 4151 sic
2170 4100 2343 4151 erunt
2377 4099 2577 4145 trans-

356 4166 627 4229 ferenda:
669 4172 881 4250 abysso
918 4182 1201 4252 tanquam
1239 4183 1406 4234 besto
1442 4177 1753 4254 operuisti
1792 4196 1920 4237 eam
1961 4177 2207 4236 terram-⁸
2280 4173 2399 4234 Sed
2436 4189 2580 4247 pos·-

359 4270 557 4311 sumus
601 4255 867 4314 suffixum
910 4259 1061 4316 illud
1104 4261 1485 4318 masculinum
1528 4263 1706 4319 etiam
1755 4264 1830 4321 ad
1887 4266 2056 4325 ffirm
2111 4259 2330 4320 referre
2386 4253 2581 4334 (quod

364 4352 542 4414 aeque
590 4343 970 4400 masculinum
1015 4353 1140 4416 est,
1197 4363 1248 4402 e.
1287 4364 1341 4402 c.
1390 4341 1523 4405 Jon.
1553 4347 1630 4419 2,
1663 4346 1721 4405 6.
1778 4347 1926 4407 Hal).
1958 4349 2022 4422 3,
2042 4329 2150 4405 ’.10
2206 4344 2304 4404 Ps.
2332 4343 2455 4415 42,
2492 4341 2581 4413 8·‚
