2747 4800
167 4292 188 4325 Ι

307 183 457 288 ’136
851 216 1149 305 P0.19,
1204 211 1478 287 14,15.
1564 215 1962 299 Panno,

221 481 224 482 ⁷
315 400 602 480 reddidit,
641 402 812 482 quasi
846 406 1041 487 {afim
1076 400 1333 479 legisset.
1415 396 1645 460 Alienis
1681 415 1824 457 vero
1858 395 1946 468 rel
1982 361 2277 469 homines,
2323 395 2418 457 vel
2451 396 2543 460 dio·

232 489 246 512 ²
318 487 671 564 indicantur.
757 486 847 546 lta
887 495 1060 562 poeta
1098 478 1310 544 Jovam
1351 484 1579 558 orabit,
1621 485 1764 545 velit
1801 467 2137 559 prohibere,
2175 500 2251 541 ne
2283 491 2387 542 aut
2417 483 2543 558 ipse

320 591 576 650 unquam
612 571 850 631 deorum
887 572 1212 628 alienorum
1246 569 1433 627 cultui
1472 585 1598 627 sese
1631 568 1899 638 addicat,
1941 577 2042 625 aut
2074 568 2139 623 in
2179 568 2544 625 consortium

325 665 384 720 et
419 661 759 736 potestakm
801 674 1002 713 eorum
1044 653 1346 714 hominum
1386 653 1621 725 veniat,
1666 652 1767 728 qui
1810 652 1947 709 deos
1989 651 2214 709 alienos
2257 653 2536 710 colerent.

326 741 444 799 Sed
472 759 703 804 sensum
731 742 1029 798 contextui
1058 739 1342 812 aptiorem
1370 747 1574 797 nostra
1600 737 1773 794 lectio
1810 733 2002 793 efficit.
2067 748 2183 795 ²2·
2199 731 2441 824 abts-572³·
2459 731 2548 814 b&

328 847 401 890 nc
442 823 809 892 dominentur
849 824 913 881 in
954 842 1080 897 me,
1122 833 1265 880 tunc
1301 824 1456 879 enim
1495 831 1630 879 tuus
1663 838 1866 878 servus
1896 839 2021 879 esse
2048 801 2384 879 desinerem.
2472 832 2547 908 ῗέξ

330 918 500 1001 Dm&
540 907 709 968 Tunc
751 909 986 985 inte-ger
1026 927 1092 965 er
1098 924 1152 979 0,
1194 908 1234 963 i.
1271 927 1318 963 e.
1348 905 1629 964 innocens
1660 922 1851 963 coram
1889 916 1981 978 te,
2023 915 2082 962 et
2119 906 2335 965 vacabo
2372 885 2547 980 culpa

330 975 522 1076 gravi,
569 1013 714 1072 quae
756 994 951 1050 irritet
995 994 1142 1052 iram
1174 1000 1351 1049 tuam.
1440 997 1606 1078 tunm
1638 983 1998 1048 referendum
2031 989 2105 1048 ad
2142 997 2278 1051 nnn
2313 992 2545 1066 integer

316 1079 484 1164 fuit,
525 1087 592 1135 ut
627 1079 707 1135 sit
735 1078 921 1154 prima
949 1074 1057 1134 fut.
1091 1073 1221 1149 Cal,
1262 1077 1487 1133 inserto
1495 1052 1625 1133 nrJod
1655 1093 1756 1151 per
1793 1060 2128 1150 epenthesin
2156 1055 2292 1155 (pro
2328 1070 2546 1166 unna)

282 1241 286 1245 ·
333 1174 392 1234 et
425 1182 553 1220 cum
588 1151 792 1220 Camez
828 1157 899 1219 ob
932 1179 1188 1236 pausam.
1246 1157 1331 1219 Cf.
1362 1161 1635 1220 Gasani!
1657 1154 2294 1235 Lehrg.p.366.1ta
2322 1175 2549 1236 quoquc

333 1258 556 1312 veteres
594 1264 790 1306 omnes
823 1256 1200 1323 acceperunt,
1262 1255 1504 1321 excepto
1547 1242 1736 1320 Syro,
1790 1245 1889 1320 qui
1939 1243 2080 1301 haec
2118 1244 2296 1302 verba
2334 1244 2547 1301 omisit.

313 1343 426 1424 -ζιῆ
466 1329 643 1432 ἳιζόεἷη
692 1345 790 1409 ³17
796 1342 899 1423 5:³7
942 1341 1002 1388 et
1042 1329 1287 1396 mundus
1326 1348 1430 1387 ero
1472 1348 1512 1386 a
1557 1328 1771 1386 delicto
1818 1346 2053 1409 magne,
2094 1331 2148 1386 si
2181 1330 2355 1385 semei
2394 1346 2550 1385 com-

295 1397 628 1490 *pescueris
696 1396 934 1472 affectus
1000 1415 1217 1510 malos,
1295 1415 1568 1472 immunis
1631 1432 1731 1471 ero
1792 1431 1827 1471 a
1884 1415 2084 1488 multis
2144 1414 2394 1472 delictis.
2466 1442 2550 1457 -

343 1499 439 1568 15.
492 1508 585 1583 ⁶¹5
569 1494 679 1561 :Db
718 1532 792 1544 —
833 1509 971 1590 ἔπ’-εξ
1011 1483 1151 1556 Sint
1188 1498 1270 1556 ad
1310 1496 1785 1576 beneplacitum,
1838 1499 1876 1555 i.
1911 1518 1959 1556 e.
2001 1509 2173 1579 grata
2217 1508 2273 1555 et
2319 1507 2552 1574 accepta
2634 1493 2637 1508 “

243 1659 248 1664 Ι
338 1583 452 1643 tibi
493 1564 679 1643 υθιῖὅα
715 1582 843 1640 oris
885 1565 1032 1654 mei,
1090 1591 1152 1639 et
1201 1582 1516 1639 medicatio
1562 1581 1758 1639 cordes
1798 1583 1913 1640 mei
1953 1602 2154 1644 coram
2199 1591 2279 1640 te.
2361 1581 2554 1640 Verba

339 1671 632 1745 optantis,
694 1678 760 1725 ut
790 1668 1044 1725 orationi
1075 1685 1212 1725 suae
1241 1676 1464 1724 annuat
1493 1664 1687 1738 Deus,
1748 1678 1808 1725 et
1850 1669 2005 1725 votis
2047 1669 2332 1743 propitius
2379 1667 2556 1728 adsit.

338 1753 474 1813 Nisi
504 1771 706 1810 sensus
739 1750 936 1809 forsan
971 1755 1049 1810 sit
1081 1750 1212 1810 hic.
1272 1770 1337 1808 os
1372 1769 1565 1808 meum
1599 1751 1873 1838 loquatur
1905 1762 2135 1809 tantum
2169 1751 2320 1829 quod
2356 1751 2464 1808 tibi
2495 1761 2556 1810 et

342 1847 577 1918 gratum
611 1847 720 1909 est,
761 1834 912 1893 nihil
938 1836 1259 1894 constituat
1295 1844 1398 1892 aut
1434 1837 1727 1910 concipiat
1763 1839 1989 1894 animus
2021 1856 2211 1909 meua,
2256 1837 2408 1937 ‘¹⁰9⁶
2445 1838 2558 1894 tibi

341 1922 702 1981 contrarium
731 1922 827 1978 sit.
915 1933 1069 1983 ”out
1114 1928 1300 1999 petra
1339 1938 1466 1976 mea
1513 1915 1663 1999 (vid.
1704 1921 1800 1994 18,
1835 1922 1895 1978 3.
1931 1922 2030 1979 32.
2061 1924 2163 1979 47.
2167 1916 2217 1998 )‚
2256 1922 2345 1978 tui
2375 1922 2557 1977 solius

340 2007 632 2084 praesidio
660 2009 853 2078 nitor,
890 2015 947 2064 te
983 2008 1170 2063 omnis
1198 2005 1409 2062 salutis
1446 2015 1740 2062 auctorem
1774 2023 2050 2085 agnosco.
2134 2003 2349 2063 Addita
2381 2001 2555 2085 *²3:3³³

343 2089 567 2148 vindex
608 2109 802 2162 meus,
861 2091 1090 2148 videtur
1132 2090 1206 2147 ad
1249 2090 1309 2147 id
1350 2092 1740 2167 respexisse,·
1763 2092 1917 2167 quod
1960 2093 2087 2147 sola
2130 2093 2253 2167 ejus
2298 2082 2559 2150 bonitate

343 2192 381 2244 a
409 2178 658 2262 peccatis
694 2193 1006 2255 eorumque
1033 2176 1236 2252 poenis
1268 2173 1508 2233 liberari
1539 2193 1600 2233 se
1629 2193 1797 2264 posse
1824 2177 2090 2245 sentiret.

1320 2362 1436 2427 Pe.
1493 2367 1593 2426 20.

518 2479 769 2559 Populus
808 2484 937 2564 regi
979 2502 1109 2543 cum
1149 2487 1413 2543 exercitu
1458 2484 1531 2543 ad
1574 2483 1785 2542 bellum
1825 2500 2036 2561 anceps
2069 2493 2128 2543 et
2163 2481 2393 2553 difficile
2424 2501 2573 2560 proe-

347 2566 634 2637 ficisccnti
666 2573 860 2627 omnia
900 2569 1090 2627 fausta
1133 2580 1191 2627 et
1231 2586 1512 2647 prospera
1553 2577 1894 2646 apprecatur
1933 2566 2061 2643 (Vs.
2101 2570 2232 2627 2—
2252 2565 2377 2646 5.)‚
2428 2586 2564 2645 spe·-

347 2661 589 2729 ratque,
628 2670 758 2710 cum
790 2657 980 2713 victor
1024 2674 1055 2712 e
1084 2655 1233 2713 bello
1263 2654 1441 2712 fuerit
1469 2671 1771 2726 reversus,
1817 2656 2216 2712 exultaturum
2253 2663 2312 2710 et
2351 2655 2563 2711 trium-

346 2733 655 2813 phaturum
699 2737 769 2812 (6
795 2771 862 2783 —
884 2736 1010 2813 9.)‚
1067 2750 1238 2816 atque
1282 2749 1348 2796 ut
1387 2740 1452 2795 in
1482 2748 1774 2815 posterum
1804 2739 1976 2795 etiam
2004 2737 2151 2798 Jove
2180 2757 2310 2796 eum
2341 2740 2566 2796 salvum

348 2829 408 2877 et
457 2821 799 2880 incolumem
845 2841 1078 2881 servare
1121 2825 1300 2896 velit,
1356 2833 1487 2882 orat
1530 2818 1705 2902 (10.).
1758 2853 1845 2867 —--
1899 2822 2171 2900 Plerique
2213 2826 2456 2899 interpp.
2499 2825 2565 2882 in

347 2905 717 2980 expeditione
747 2916 952 2965 contra
978 2908 1335 2965 Ammonitas
1367 2919 1635 2983 suscepta
1663 2904 1734 2985 (2
1752 2903 1906 2964 Sam.
1946 2909 2042 2975 10,
2064 2911 2121 2965 6.
2148 2903 2302 2986 sqq.)
2334 2927 2568 2966 carmen

345 2986 459 3055 hoc
503 2993 910 3065 compositum
931 2993 1210 3066 credunt,
1268 3002 1507 3068 propter
1537 2993 1873 3050 memoriam
1907 3011 2181 3050 curruum
2214 3004 2271 3050 et
2304 2995 2567 3083 equitum

347 3071 447 3130 Vs.
481 3076 536 3130 7.
523 3115 572 3146 .,
615 3093 789 3151 quum
819 3079 966 3139 nulli
997 3096 1247 3153 unquam
1277 3077 1471 3135 hostes
1498 3068 1623 3153 plue
1657 3095 1930 3135 curruum
1961 3087 2020 3132 et
2047 3095 2327 3153 equorum
2359 3088 2567 3136 contra

359 3155 643 3216 Davidem
671 3159 998 3222 eduxerint.
1083 3163 1250 3230 Quod
1284 3173 1475 3219 tamen
1505 3178 1864 3237 nequaquam
1892 3155 2208 3240 τεκμήριον
2240 3172 2348 3238 est,
2387 3180 2570 3239 quum

349 3252 407 3299 et
440 3243 543 3299 aiii
575 3241 853 3301 Hebraeis
882 3247 1063 3303 vicini
1098 3256 1160 3303 et
1195 3246 1395 3304 infesti
1438 3242 1640 3322 populi
1677 3247 1738 3302 in
1782 3245 1947 3303 benis
1991 3249 2258 3304 curribus
2302 3257 2360 3303 et
2403 3248 2568 3321 cquis

351 3326 444 3384 uti
479 3328 746 3385 solerent.
816 3330 1007 3398 Quum
1036 3332 1221 3408 igitur
1250 3331 1617 3410 generaliora
1648 3330 1804 3404 sint,
1850 3350 1994 3408 quae
2025 3333 2089 3388 in
2114 3330 2205 3389 Ps.
2236 3340 2572 3404 occurrunt,

351 3427 524 3485 quam
551 3421 617 3467 ut
648 3424 838 3472 certae
874 3409 1182 3490 temporis,
1227 3434 1342 3491 quo
1380 3415 1567 3471 editus
1601 3416 1713 3486 sit,
1759 3427 1932 3472 notae
1962 3415 2163 3473 haberi
2194 3417 2455 3493 possint.)
2501 3417 2571 3472 in.

350 3512 421 3551 eo
469 3497 922 3572 acquiescimus,
989 3507 1055 3555 ut
1101 3498 1265 3557 illum
1317 3500 1621 3556 occasione
1663 3510 1849 3556 certae
1891 3500 2279 3578 expeditionis
2324 3500 2569 3573 factum,

349 3581 632 3641 mansisse
663 3592 865 3657 postea
898 3602 1256 3642 communem
1289 3601 1522 3660 precum
1552 3584 1860 3641 formulam
1888 3587 1960 3642 ad
1994 3603 2188 3643 omnes
2218 3594 2570 3658 statuamus,

351 3672 420 3720 ut
461 3665 616 3722 inter
654 3681 853 3739 preces
899 3676 958 3725 et
999 3669 1282 3727 sacrificia
1324 3669 1483 3748 regis
1535 3666 1659 3744 (Vs,
1699 3666 1791 3746 4.)
1841 3684 1876 3726 a
1923 3671 2135 3746 populo
2187 3681 2290 3727 aut
2329 3669 2573 3726 musicis

295 3771 312 3785 ·
354 3749 560 3824 templi
601 3760 936 3825 caneretur,
977 3751 1177 3811 forsan
1208 3754 1452 3810 aiternis
1491 3752 1721 3826 choris,
1763 3764 1831 3812 ut
1867 3754 2015 3812 alter
2047 3753 2259 3812 chorus
2289 3763 2426 3812 vota
2461 3773 2575 3829 pro

352 3833 540 3889 salute
573 3835 730 3914 regis
769 3835 1017 3910 faceret,
1060 3841 1210 3896 aiter
1253 3839 1323 3896 de
1365 3857 1430 3895 re
1470 3856 1743 3916 prospere
1783 3849 1950 3922 gesta
1994 3849 2340 3914 testaretur,
2385 3858 2579 3917 popu-

351 3916 524 3996 loque
558 3936 627 3991 ac
657 3921 786 3998 regi
823 3921 892 3979 de
923 3940 992 3978 ea
1019 3925 1436 4001 gratularetur.

523 4032 746 4095 2—5.
832 4034 1108 4098 Precatur
1149 4039 1430 4115 populus.
1486 4025 1593 4100 ἰιι
1641 4040 1800 4101 ffi-u·
1842 4048 1994 4133 Ἦξζ
2028 4038 2413 4122 Respondeat
2459 4040 2582 4101 ubo·

353 4115 513 4183 Jova
543 4117 637 4179 die
666 4122 1009 4197 angustiae,
1051 4124 1326 4181 exaudiat
1360 4136 1437 4197 te,
1475 4143 1695 4203 regem,
1736 4146 1864 4184 cum
1893 4121 2178 4185 auxilium
2208 4128 2331 4201 ejus
2360 4143 2578 4206 rogas3

352 4203 580 4263 exaltet
628 4213 722 4278 te,
766 4207 828 4263 in
857 4215 985 4267 tuto
1031 4216 1088 4263 te
1132 4211 1413 4288 collocet,
1454 4219 1727 4286 tanquam
1769 4212 2052 4269 inlocum
2079 4212 2295 4285 altum,
2336 4229 2452 4288 quo
2483 4211 2582 4269 vis

349 4286 590 4360 hostilis
633 4291 964 4373 pertingere
1009 4304 1289 4371 nequeat,
1331 4311 1537 4365 nomen
1570 4291 1691 4357 Dei
1722 4286 1976 4370 Jacobs,
2023 4297 2069 4355 i.
2100 4314 2149 4355 e.
2187 4294 2348 4357 Deus
2377 4294 2589 4375 populi
