2747 4800
307 276 502 359 ·198
914 265 915 268 ¹
1036 321 1039 324 ·
1254 284 1379 351 1²0.
1425 280 1547 368 32,
1602 301 1706 346 2.‘
1777 257 1818 320 *¹

1304 466 1435 526 Ps.
1488 467 1594 527 31.

454 633 459 638 .
526 587 781 668 Apparet
833 586 898 646 in
952 582 1067 643 boc
1112 582 1367 644 carmine
1416 594 1611 664 motus
1660 583 1841 642 animi
1884 580 2212 659 perturbati
2252 590 2570 658 conspectu

354 674 743 756 periculorum
772 671 1134 747 hominisque
1165 670 1234 727 in
1262 686 1549 729 summum
1582 670 1740 730 ritae
1777 678 1835 726 et
1870 668 2077 725 salutis
2110 665 2423 726 discrimen
2455 669 2572 727 ad-

326 760 555 835 ducti,
605 767 666 819 et
702 769 895 815 tamen
936 754 1150 815 fiducia
1188 762 1348 811 certa
1390 755 1720 812 invocantis
1760 772 1923 830 opem
1959 761 2018 810 et
2049 752 2333 810 auxilium
2366 748 2572 828 Jovae,

359 853 534 923 atque
575 841 686 902 hoc
731 842 992 900 nitentis.
1074 838 1266 898 Habet
1311 840 1741 898 invocationem
1770 837 2116 910 ardentem,
2166 851 2362 913 preces
2400 839 2571 895 solli-

359 930 544 1003 citas,
595 928 855 1005 querelas
889 923 1288 997 miserabiles,
1343 933 1402 982 et
1431 926 1691 982 eluctans
1731 933 1925 981 tamen
1965 941 2038 1010 ⁶?
2081 921 2349 979 omnibus
2384 923 2575 981 anicii

359 1014 457 1072 sui
491 1009 1057 1088 perturbationibus,
1114 1010 1176 1066 in
1206 1008 1468 1084 precibus
1499 1008 1762 1066 fidelibus
1802 1008 1924 1065 suis
1963 1005 2317 1082 acquiescit,
2371 1005 2430 1064 'et
2459 1026 2573 1065 ex·

359 1097 564 1156 audire
608 1081 827 1154 se‘non
875 1091 1138 1166 dubitat;
1208 1090 1595 1172 hortaturque
1637 1094 1712 1151 ad
1754 1093 1998 1150 similem
2037 1088 2340 1158 fiduciam,
2395 1110 2571 1167 quam

359 1182 652 1241 collocent
683 1181 747 1239 in
770 1176 949 1251 Jova,
993 1173 1120 1256 pios
1150 1196 1384 1253 omnes,
1406 1180 1528 1254 ,qui
1554 1196 1863 1255 numquam
1894 1176 2116 1235 auxilio
2146 1194 2252 1232 suo
2294 1176 2577 1233 destituat

359 1265 556 1326 fideles
597 1283 754 1324 suos.
834 1262 1126 1322 Psalmum
1180 1261 1334 1321 hunc
1384 1274 1610 1338 autem,
1681 1265 1763 1320 ita
1814 1270 1882 1317 ut
1924 1279 2078 1318 nunc
2121 1279 2250 1318 eum
2300 1261 2575 1341 legimus,

356 1347 640 1412 Davidem
674 1368 792 1408 non
830 1350 892 1406 in
929 1343 1071 1425 ipsis
1103 1348 1370 1425 periculis
1405 1349 1825 1424 composuisse,
1872 1344 1971 1403 sed
2011 1354 2211 1420 postea
2248 1347 2576 1404 orationem

360 1443 424 1495 et
455 1454 662 1509 voces,
718 1452 861 1513 quas
891 1430 966 1489 ad
993 1432 1471 1513 vaamurgentc
1500 1432 1759 1505 periculo
1794 1432 2081 1513 misisset,
2134 1431 2309 1487 simul
2338 1447 2464 1487 curn
2494 1431 2576 1488 iis

359 1520 587 1595 verbis,
629 1537 776 1596 quse
812 1517 884 1576 ad
923 1519 1144 1597 gratias
1178 1515 1248 1573 dc
1287 1511 1474 1574 salute
1500 1518 1620 1591 jam
1651 1516 1853 1594 adepta
1883 1516 2270 1591 pertinerent,
2326 1516 2576 1588 conjun-

358 1606 553 1679 xisse,
594 1613 653 1662 et
685 1620 915 1661 carmen
958 1619 1043 1662 ex-
1070 1602 1332 1678 utrisque
1373 1619 1695 1659 connexum
1734 1600 2013 1672 edidisse,
2065 1601 2235 1677 plura
2271 1601 2391 1673 ejus
2438 1598 2579 1656 loca

361 1699 644 1774 grguunt,
684 1689 872 1746 veluti
897 1684 995 1743 Vs.
1031 1685 1087 1743 8.
1119 1695 1176 1744 et
1205 1685 1286 1758 9.,
1327 1705 1434 1745 nec
1463 1705 1582 1744 non
1612 1686 1713 1762 20.
1744 1704 1867 1762 sqq.
1925 1683 2009 1742 cf.
2036 1693 2156 1742 not.
2182 1682 2257 1740 ad
2283 1682 2380 1741 Vs.
2411 1684 2473 1742 9.
2541 1721 2558 1733 .

533 1789 883 1865 Interpretes
909 1788 1082 1866 longe
1112 1786 1367 1863 plerique
1395 1783 1675 1843 Davidem
1707 1783 1817 1843 hoc
1843 1785 2074 1844 Psalmo
2102 1779 2321 1844 referre
2344 1795 2580 1862 putant,

364 1884 437 1935 nt
466 1872 703 1934 affectus
733 1873 943 1944 fuerit,
981 1883 1040 1931 et
1067 1891 1213 1950 quac
1242 1880 1509 1947 precatus
1532 1871 1646 1944 sit,
1693 1889 1876 1949 quum*
1895 1872 2119 1929 cinctus
2141 1880 2296 1936 esset
2336 1887 2371 1927 a
2397 1870 2582 1929 Saule

367 1959 434 2018 in
480 1959 707 2019 deserto
749 1956 1053 2029 Meonico,
1112 1956 1377 2035 proditus
1420 1974 1456 2013 a
1496 1953 1915 2030 Ziphensibus,
1962 1956 2169 2015 lSam.
2203 1955 2304 2012 23.
2388 1956 2582 2023 Quam

363 2046 750 2120 conjecturam
781 2044 1069 2101 deducunt
1099 2061 1174 2101 ex
1205 2060 1272 2099 eo
1291 2082 1309 2113 ‚
1353 2039 1506 2118 quod
1536 2038 1637 2100 Vs.
1666 2041 1765 2103 23.
1812 2050 1981 2118 poeta
2018 2039 2216 2099 eodem
2242 2040 2419 2114 verbo
2458 2051 2589 2128 ἵξῃ

365 2139 455 2187 est
482 2147 654 2201 usus,
700 2127 853 2205 quod
897 2126 1164 2185 adhibuit
1202 2127 1336 2198 ille,
1379 2126 1480 2202 qui
1516 2123 1727 2183 lSam.
1759 2126 1863 2198 23,
1897 2125 2001 2182 26.
2043 2123 2155 2184 hoc
2177 2122 2425 2183 Davidis
2457 2124 2585 2181 dis-

367 2213 588 2271 crimen
634 2213 824 2269 literis
869 2212 1259 2291 consignavit.
1341 2208 1432 2267 lta
1474 2210 1629 2267 enim
1680 2211 1812 2269 ille:
1870 2205 2034 2268 Ibat«
2076 2206 2228 2267 Saul
2279 2209 2339 2266 in
2392 2207 2585 2267 latero

367 2296 591 2354 montis
629 2313 738 2354 uno
757 2287 797 2368 ,'
817 2303 880 2352 ee
919 2291 1130 2352 David
1164 2312 1296 2351 cuns
1333 2293 1463 2352 suis
1501 2294 1563 2351 in
1606 2294 1824 2370 altero,
1853 2292 2113 2372 fuitque
2147 2290 2358 2352 David
2397 2304 2588 2380 32:72,

367 2378 431 2441 id
458 2390 579 2452 cst,
625 2379 1109 2462 praecipitatus,
1152 2396 1354 2456 nempe
1390 2383 1614 2437 terrore
1642 2397 1904 2453 summo,
1957 2389 2286 2457 conatuque
2317 2359 2586 2459 fugiendi

365 2467 649 2545 peranxio
674 2465 994 2541 ‚incitatum
1080 2463 1266 2543 Erant
1312 2472 1506 2532 autem
1545 2481 1639 2522 res
1680 2461 1929 2524 Davidis
1984 2466 2109 2524 tum
2169 2483 2239 2522 eo
2292 2466 2461 2536 loco,
2514 2474 2588 2526 ut

367 2548 611 2608 evadere
645 2567 763 2607 non
796 2551 1110 2626 potuisset3
1165 2545 1321 2625 quod
1342 2548 1467 2621 jam
1496 2550 1664 2625 quasi
1697 2553 2051 2610 constrictus
2082 2550 2462 2627 irretitusqne
2490 2558 2589 2607 te·

368 2643 606 2694 neretur
645 2651 683 2691 a
713 2632 921 2707 Saule,
961 2642 1081 2692 tam
1112 2636 1270 2711 ipse,
1308 2650 1482 2710 quam
1509 2634 1768 2711 copiolae
1796 2637 1996 2713 ipsius.
2080 2633 2196 2694 Sed
2235 2632 2371 2692 dum
2407 2635 2471 2692 in
2512 2653 2590 2693 eo

370 2727 463 2777 est
497 2715 681 2777 hostis
709 2720 868 2775 omni
898 2722 1302 2790 contentione,
1345 2724 1416 2775 ut
1445 2735 1567 2776 rem
1598 2718 1902 2793 conficiat,
1939 2715 2183 2785 affertur
2214 2718 2271 2777 ei
2308 2716 2622 2781 nuncium-

371 2803 679 2877 ines-tra,
710 2799 1092 2861 philisthaeos
1123 2802 1401 2878 irrupisse
1424 2802 1488 2859 in
1518 2822 1782 2884 regnum,
1809 2806 1955 2883 qu'ae
1983 2811 2079 2862 res‘
2101 2798 2302 2883 'coegit
2331 2803 2593 2883 Saulem,

369 2887 551 2946 misso
588 2885 815 2946 Davide
854 2887 1140 2959 decedere.
1223 2886 1292 2947 ln
1325 2888 1446 2945 illis
1477 2888 1662 2966 igitur
1695 2892 1971 2966 periculis
2004 2890 2240 2946 summis
2270 2890 2597 2966 praesentis
2651 2896 2654 2897 ’

371 2972 646 3030 interitus
679 2971 819 3030 haec
840 2982 1112 3050 precatus
1137 2972 1319 3032 fuisse
1348 2981 1609 3045 putatur.
1655 2973 1838 3032 Vetus
1871 2986 2062 3033 autem
2096 2972 2239 3031 haec
2268 2982 2356 3030 est
2389 2974 2599 3049 opinio

375 3054 447 3115 de
477 3058 752 3115 carminis
787 3052 954 3132 hujus
987 3067 1275 3135 tempore,
1326 3066 1387 3113 et
1414 3056 1536 3130 jam
1570 3058 1967 3119 Alexandrino
2004 3059 2310 3147 interpreti
2340 3068 2601 3135 recepta,

375 3143 480 3219 qui
522 3143 758 3199 titulum
800 3141 968 3201 fecit:
1032 3136 1297 3219 Ψαλμῢς
1333 3135 1422 3222 τῷ
1466 3138 1664 3204 Δαυὶδ
1707 3140 2066 3217 ἐκστάσεως,
2127 3142 2283 3221 quod
2323 3143 2602 3213 ultimum

342 3242 588 3292 ,nomen
622 3225 847 3284 addidit
879 3246 955 3286 ex
988 3225 1090 3285 Vs.
1116 3229 1254 3300 23„
1318 3227 1419 3286 uhi
1462 3225 1771 3286 hebraeum
1817 3240 2006 3316 ’ζει-33
2050 3229 2232 3288 vertit
2271 3226 2338 3290 ἐν
2378 3225 2454 3317 τῇ
2495 3227 2604 3291 ἕκ-

374 3305 586 3372 στάσει
624 3332 772 3387 μου,
821 3309 933 3368 hoc
968 3322 1092 3385 est,
1134 3312 1198 3370 in
1231 3329 1468 3394 pavore
1511 3321 1693 3390 atque
1738 3297 2149 3392 trepiiiaiione
2186 3331 2351 3385 mea,
2393 3316 2456 3373 iu
2492 3313 2602 3373 de-

375 3396 704 3471 speratione
726 3413 919 3454 rerum
953 3397 1231 3472 omnium,
1264 3417 1394 3455 cum
1420 3398 1492 3456 de
1523 3415 1746 3457 summo
1773 3400 2030 3476 periculo
2059 3396 2312 3477 humano
2346 3399 2604 3458 consilio

324 3528 331 3547 ,
378 3477 621 3538 evadere
667 3498 759 3538 me
803 3497 976 3558 posse
1020 3477 1399 3558 desperarem.
1479 3476 1578 3540 Dr:
1617 3480 1863 3542 Wm‘rn
1922 3481 2035 3541 hoc
2084 3501 2312 3561 quoqne
2362 3481 2605 3543 Psalmo

377 3570 570 3621 totum
596 3561 921 3624 Hebraeum
951 3567 1226 3644 populum
1259 3564 1329 3625 de
1369 3567 1494 3623 suis
1532 3569 1786 3626 miseriis
1826 3579 2087 3645 questum
2131 3567 2329 3626 induci
2363 3568 2610 3644 statuit,

377 3643 493 3707 hoc
516 3649 880 3724 potissimum
914 3661 1261 3732 argumento
1297 3661 1513 3723 motus,
1553 3654 1707 3730 quod
1737 3663 1937 3730 poetae
1972 3652 2172 3711 hostes
2197 3650 2296 3708 Vs.
2325 3655 2380 3710 7.
2412 3650 2610 3711 idolo-

380 3749 517 3791 rum
561 3729 819 3793 cultores
863 3734 1276 3816 designentur,
1332 3738 1531 3812 quales
1563 3736 1812 3798 Davidis
1847 3734 2175 3798 adversarii
2208 3754 2328 3795 non
2359 3735 2612 3807 fuerint.

383 3813 600 3875 Verum
632 3817 744 3891 iis,
802 3820 904 3896 qui
945 3822 1068 3878 illic
1109 3818 1494 3879 observantes
1535 3825 1843 3882 vanitates
1881 3821 2177 3881 mendacis·
2217 3822 2615 3899 appellantur,

384 3900 750 3982 intelligendi
780 3921 900 3961 non
930 3907 1185 3983 praecise
1214 3906 1506 3965 idolorum
1535 3909 1828 3981 cultores,
1870 3908 1972 3966 sed
2004 3908 2242 3967 omnino
2275 3909 2460 3982 tales,
2501 3908 2615 3985 qni

385 3984 456 4043 in
482 3985 657 4045 rebus
686 3988 854 4047 vanis
882 4005 1042 4064 spem
1075 4007 1239 4049 suam
1267 3992 1572 4050 collocant.
1689 3986 1692 3989 ’

559 4100 622 4163 2.
707 4113 906 4193 ’ϊρρη
947 4106 1105 4194 π’,ἱττῆ
1196 4122 1236 4168 a
1279 4104 1359 4167 In
1405 4116 1497 4182 te,
1541 4105 1733 4182 Jove,
1781 4108 2163 4190 praesidium
2203 4126 2388 4167 meunt
2427 4104 2618 4165 cono-

390 4185 549 4245 οιοε.
625 4185 759 4243 vid.
803 4189 865 4263 7,
898 4191 962 4248 2.
1016 4173 1127 4264 ω’,
1196 4173 1234 4248 .“
1261 4192 1381 4266 25,
1408 4194 1515 4251 20.
1563 4196 1664 4267 71,
1698 4195 1750 4251 1.
1838 4193 1928 4254 De
1968 4195 2147 4254 verbo
2191 4205 2338 4256 non
2373 4193 2493 4253 vid.
2534 4192 2620 4252 ιιι

392 4271 458 4344 2,
495 4271 592 4329 ια.
663 4254 850 4360 ngas}
886 4273 1169 4356 mins·
1187 4271 1275 4360 ’2²ss
1302 4275 1738 4358 mpmfim
1767 4289 2043 4358 unquam,
2082 4279 2155 4339 ef.
2178 4263 2288 4351 221
2312 4261 2374 4336 ὃ.
2413 4276 2519 4351 2⁵,
2548 4278 2620 4336 a.

395 4349 594 4451 ’ξςξξξ
629 4336 901 4451 Ἶτῃζᾋξη
932 4341 1054 4419 130¹·
1072 4356 1395 4432 justitian
1426 4370 1588 4427 tuam
1617 4364 1791 4445 eripe
1816 4383 1926 4440 m,
1957 4385 2066 4444 pro
2094 4363 2211 4425 fide
2237 4370 2345 4422 tua
2372 4364 2625 4443 optimu,
