2747 4800
1048 297 1168 364 Ps.
1229 312 1414 386 127,
1460 316 1518 361 ι.
1855 318 1861 326 ·
2232 292 2381 365 637

182 496 350 536 suum
403 476 661 557 gaudens
676 519 696 551 ‚
751 487 822 538 'et
876 488 1138 556 reportat
1194 479 1332 541 inde
1385 480 1573 542 laetus
1619 475 1928 542 fasciculos
1967 481 2383 544 frumentorum

182 582 422 622 suorum
460 567 531 623 de
576 582 758 623 messe
795 565 1104 626 uberrima.
2070 598 2073 605 >

1144 752 1255 813 Ps.
1313 758 1453 816 127.

351 867 578 944 Docet,
635 871 828 929 nullos
870 869 1165 931 hominum
1211 873 1442 933 labores
1482 895 1611 934 esse
1658 868 1887 947 felices,
1945 873 2107 931 nulla
2148 873 2393 930 consilia

183 954 505 1029 salutaria,
560 956 679 1014 nisi
720 953 846 1014 Deo
889 958 1203 1033 adjuvante
1248 969 1311 1018 et
1351 960 1744 1037 prosperante.
1832 959 1901 1019 ld
1946 957 2099 1035 quod
2140 957 2403 1029 ostendit·

184 1040 248 1117 in
283 1059 349 1096 re
378 1038 655 1099 familiari
690 1050 748 1098 et
785 1040 1051 1114 publica,
1109 1044 1174 1101 in
1210 1046 1423 1124 quibus
1454 1043 1908 1118 constituendis,
1962 1042 2392 1115 conservandis,

179 1122 464 1204 augendis
497 1135 667 1202 atque
700 1126 977 1184 ornandis
1010 1129 1197 1184 omnis
1229 1126 1530 1193 hominnm
1562 1130 1729 1188 labor
1758 1138 1817 1188 et
1845 1146 1986 1186 cura
2017 1128 2348 1202 occupatur.

349 1207 543 1268 Habet
579 1209 840 1269 Psalmus
880 1213 1302 1293 praescriptum
1340 1232 1553 1272 nomen
1586 1213 1950 1289 Salomonis3
2007 1221 2065 1270 et
2094 1222 2286 1267 tamen
2317 1229 2393 1268 au

182 1292 257 1351 ab
287 1294 416 1369 ipso
444 1293 638 1352 factus
667 1297 769 1369 sit,
796 1306 1231 1354 controversum
1260 1296 1487 1356 faciunt
1515 1300 1873 1375 interpretes.
1906 1296 2063 1355 Nam
2083 1292 2390 1352 hebraeum

181 1376 330 1436 illud
377 1373 605 1441 mabit-‘¹⁹2
644 1399 764 1438 non
795 1377 1158 1453 Salomonis,
1206 1389 1271 1439 ut
1299 1383 1592 1456 auctoris,
1633 1383 1732 1441 sed
1764 1379 2093 1452 Salomoni,
2134 1381 2173 1437 i.
2204 1398 2252 1436 e.
2285 1397 2388 1455 pro
2442 1388 2449 1397 '

183 1461 495 1534 Salomone
525 1461 776 1537 factum,
829 1463 1016 1540 aliqui
1048 1466 1541 1542 interpretantur,
1593 1469 2041 1542 existimantque
2082 1481 2117 1519 a
2157 1460 2393 1521 Daniele

185 1547 361 1624 paulo
397 1557 531 1604 ante
567 1559 822 1607 mortem·
847 1550 1263 1627 praescriptum
1293 1551 1599 1610 Salomoni
1627 1555 1723 1610 vel
1757 1558 1822 1609 nt
1849 1552 2108 1630 regulam
2139 1544 2392 1606 'admini-
2474 1596 2484 1601 ,

184 1633 489 1689 strationis
540 1634 729 1691 totius
773 1635 1007 1713 regiae,
1073 1635 1166 1693 vel
1214 1646 1338 1695 tum
1385 1654 1509 1693 esse
1556 1634 1891 1708 conditum,
1968 1652 2143 1710 quum
2197 1634 2394 1709 templi

185 1726 536 1774 structuram
596 1718 662 1774 in
720 1720 916 1777 animo
967 1715 1304 1794 habuisset,
1377 1736 1452 1796 ex
1508 1723 1793 1779 vaticinio
1854 1730 2046 1778 autem
2107 1716 2395 1777 Nathanis

185 1800 257 1879 (2
274 1800 434 1860 Sam.
464 1803 524 1873 7,
557 1803 609 1860 l.
638 1801 791 1881 sqq.)
837 1822 938 1880 per
976 1801 1162 1861 filium
1193 1803 1421 1864 demum
1451 1804 1512 1862 id
1545 1806 1807 1864 futurum
1846 1804 2234 1885 cognovisset.
2299 1801 2395 1880 (ln

184 1887 453 1945 versione
493 1884 740 1965 Syfiaca
779 1889 916 1948 huic
953 1884 1182 1946 Psalmo
1222 1888 1365 1948 haec
1406 1893 1764 1969 praescripta
1802 1891 2112 1970 leguntur:
2171 1884 2396 1945 Dictus

185 1990 227 2029 a
255 1968 489 2029 Davidc
532 1971 603 2029 de
633 1970 939 2032 Salomone
949 1991 974 2048 ,·
1021 1972 1247 2031 dicitur
1289 1994 1515 2059 quoquc
1551 1974 1620 2033 de
1647 1973 1944 2053 Haggaeo
1977 1983 2038 2032 et
2064 1970 2399 2044 Zacharia,

186 2057 293 2136 qui
344 2056 636 2133 urgebant
691 2068 1064 2118 structuram
1115 2059 1337 2138 templi.
1420 2058 1819 2139 Alexandrina
1870 2060 2180 2118 translatio
2224 2054 2396 2113 Salo·

186 2143 370 2200 monis
413 2161 622 2201 nomen
655 2162 772 2203 nou
812 2143 984 2204 habet
1014 2141 1480 2225 praescriptum.)
1563 2146 1685 2205 Alii
1718 2163 1859 2203 vero
1901 2141 2084 2223 (inter
2112 2161 2254 2219 quos
2288 2141 2396 2198 Ti-

185 2223 477 2306 lingius),
531 2248 707 2307 quum
748 2232 808 2288 in
847 2230 1034 2288 titulis
1071 2227 1434 2288 Psalmorum
1479 2226 1514 2291 b
1559 2230 1785 2290 nomini
1822 2230 2211 2305 praepositum
2251 2227 2432 2285 alias.

187 2333 406 2392 semper
434 2324 726 2373 auctorem
753 2315 1026 2374 carminis
1057 2313 1245 2371 soleat
1271 2313 1552 2388 indicare,
1586 2332 1706 2372 non
1733 2313 2023 2385 dubitant,
2053 2311 2199 2369 hanc
2228 2310 2396 2369 odam

189 2420 226 2458 a
256 2398 564 2458 Salomone
602 2400 908 2478 proficisci.
986 2396 1135 2458 Mihi
1172 2399 1538 2459 verissimum
1581 2398 1812 2465 videtur
1851 2396 2201 2457 Runmcnm
2240 2395 2398 2468 judi-

188 2487 375 2544 cium:
426 2486 609 2562 „Quo
643 2496 931 2563 tempore,
974 2494 1078 2543 aut
1110 2486 1319 2561 quibus
1352 2485 1753 2544 occasionibus
1782 2482 1968 2541 factus
2003 2483 2082 2539 sit
2116 2480 2399 2551 Psalmus,

91 2615 96 2628 .
191 2568 315 2630 dici
347 2588 466 2628 non
496 2581 705 2646 potest.
787 2573 975 2648 Atque
1005 2588 1076 2625 ne
1108 2568 1177 2626 de
1203 2571 1424 2628 nostris
1451 2571 1678 2647 quidem
1706 2568 2076 2625 cantionibus
2111 2565 2400 2635 omnibnS,

191 2665 254 2714 et
291 2674 436 2731 quae
469 2653 639 2713 hodie
672 2656 821 2714 fiunt
837 2694 876 2729 „
914 2653 1053 2711 sciri
1088 2651 1199 2711 hoc
1229 2664 1457 2734 potest,
1512 2663 1579 2712 ut
1609 2656 1672 2710 in
1706 2655 1921 2710 talibus
1953 2652 2097 2708 satis
2126 2652 2206 2706 sit
2237 2650 2400 2719 sciri,

191 2740 333 2818 quid
365 2735 595 2812 dicant,
642 2749 742 2797 aut
784 2741 1047 2798 doceant.
1130 2736 1210 2795 Et
1251 2747 1390 2795 sunt
1425 2740 1552 2796 sine
1591 2735 1766 2794 dubio
1811 2736 2070 2812 publicae
2114 2735 2292 2794 etiam
2342 2740 2402 2788 et

195 2823 524 2883 ordinariae
553 2824 849 2882 doctrinae
873 2826 937 2880 in
967 2821 1205 2896 templo,
1237 2831 1296 2879 et
1320 2823 1536 2880 ritibus
1562 2822 1756 2892 certis,
1782 2819 1999 2877 Psalmi
2027 2817 2167 2875 facti
2197 2816 2401 2891 aliqui.

193 2909 454 2968 Omnino
487 2919 676 2966 autem
710 2907 1024 2967 verisimile
1050 2915 1158 2978 est,
1197 2904 1272 2963 ad
1302 2905 1695 2964 dedicat-iones
1717 2904 1944 2961 aedium
1972 2902 2125 2978 apud
2149 2894 2184 2960 J
2193 2900 2404 2959 udaeos

194 2997 462 3053 solennes
512 2991 668 3051 hunc
724 2992 1013 3052 Psalmum
1066 3000 1384 3047 assumtum
1435 2990 1654 3056 faiam
1725 2990 1848 3045 sivc
1909 2988 1971 3044 in
2025 2985 2180 3043 hunc
2234 3002 2401 3041 usum

197 3081 448 3156 scriptus
478 3080 559 3137 sit
587 3079 658 3137 ab
697 3088 956 3152 auctore,
995 3083 1063 3135 ut
1096 3086 1249 3134 esset
1271 3074 1526 3134 formula
1556 3073 2005 3146 dedicationum,
2041 3071 2165 3129 sive
2196 3068 2272 3128 ad
2297 3066 2405 3125 has

198 3163 430 3223 aliunde
469 3165 860 3226 translatus.“

380 3281 439 3340 l.
519 3279 814 3358 Loquutio
861 3292 982 3359 mn-
1031 3280 1179 3364 nina
1235 3274 1564 3351 aedificare
1606 3272 1864 3348 domum,
1927 3272 2121 3352 figura
2161 3271 2410 3330 hebraea

199 3383 324 3424 non
354 3375 444 3423 est
470 3375 692 3425 tantum
724 3366 1048 3424 aedificium
1080 3363 1460 3423 habitationis
1500 3372 1833 3432 exstruere,
1885 3358 1984 3415 sed
2022 3360 2196 3416 etiam
2236 3356 2409 3414 fami-
2464 3399 2491 3418 -.

200 3452 377 3521 liam,
420 3459 479 3507 et
508 3468 630 3529 rem
659 3450 1021 3523 familiarem,
1061 3451 1386 3519 instituere,
1427 3448 1779 3505 constituere
1810 3453 1981 3521 atque
2014 3462 2249 3522 augere,
2288 3441 2411 3499 vid.

175 3532 318 3594 ,Exss
352 3534 410 3603 l,
435 3535 540 3591 21.
582 3533 756 3592 Dent.
786 3534 890 3607 25,
920 3535 977 3594 9.
1027 3537 1057 3592 1
1082 3533 1239 3593 Sam.
1270 3532 1331 3603 2,
1359 3531 1461 3589 35.
1510 3534 1538 3589 l
1559 3529 1704 3610 Reg.
1732 3529 1918 3600 2¹24.
1968 3529 2066 3601 11,
2090 3529 2193 3585 38.
2238 3526 2412 3584 Prov-

211 3617 313 3687 14,
351 3618 403 3673 1.
435 3619 536 3676 11.
619 3618 710 3676 lta
739 3628 798 3677 et
831 3619 1069 3676 Graecis
1097 3611 1267 3690 οἶκος
1307 3635 1429 3675 non
1455 3625 1685 3673 tantum
1718 3612 1919 3671 domas
1956 3623 2065 3683 est,
2100 3613 2203 3672 sed
2235 3614 2409 3668 etiam

205 3717 310 3758 res
326 3699 689 3774 familiaris,
718 3712 777 3759 et
800 3702 1025 3762 Latinis
1054 3703 1253 3761 domus
1282 3703 1455 3758 etiam
1478 3698 1735 3773 familia
1765 3709 1876 3771 est,
1911 3707 2007 3755 ut:
2050 3694 2171 3766 Qua·
2199 3693 2409 3773 genas,

208 3786 362 3845 unde
405 3784 612 3844 domo?
693 3785 1031 3865 significari
1076 3796 1269 3845 autem
1306 3784 1362 3841 h.
1393 3787 1433 3843 l.
1472 3794 1813 3859 utrumque,
1871 3783 2173 3859 sequentia
2210 3789 2409 3838 osten-

208 3870 394 3945 dunt3
462 3889 593 3929 nam
640 3869 708 3929 de
758 3871 1000 3947 opibus,
1052 3871 1309 3928 familiae
1354 3867 1764 3926 sustentandae
1806 3884 1980 3924 causa
2023 3865 2409 3942 acquirendis,

208 3955 396 4015 Versu
427 3957 518 4030 2.,
570 3956 641 4013 de
666 3953 864 4013 liberis
895 3954 992 4012 Vs.
1021 3957 1091 4014 3.-
1110 3973 1232 4031 sqq.
1268 3972 1457 4011 sermo
1490 3962 1595 4009 est.
1678 3951 1905 4009 Prioris
1933 3952 2118 4029 igitur
2148 3950 2408 4008 hemisti-

215 4040 336 4100 chii
367 4040 462 4099 hic
492 4049 581 4099 est
607 4056 842 4098 sensus:
898 4041 1015 4098 nisi
1045 4038 1203 4098 Deus
1239 4058 1346 4114 ope
1378 4056 1483 4096 sua
1512 4036 1669 4095 adsit
1695 4033 1892 4095 domni
1926 4047 2097 4111 atque
2127 4036 2216 4093 rei
2242 4034 2411 4091 fami-

211 4126 351 4192 liari
393 4115 829 4185 constituendae
877 4134 1050 4200 atque
1094 4122 1430 4203 augendae3
1493 4121 1717 4179 frustra
1762 4121 2123 4190 consumitur
2164 4118 2415 4175 humana
2534 4139 2535 4146 ¹

217 4228 414 4287 opera,
437 4229 581 4288 quae
611 4228 718 4268 suo
745 4208 939 4268 studio
965 4227 1181 4286 suaque
1208 4208 1500 4268 industria
1525 4206 1637 4264 hoc
1665 4222 1728 4263 se
1753 4204 2078 4281 perfectura
2101 4203 2416 4261 existimat.

216 4293 287 4352 ln
323 4297 506 4354 altero
534 4293 897 4354 hemistichio
937 4302 1055 4375 '5¹¹2
1085 4292 1344 4365 civitas,
1397 4286 1713 4354 πολιτείαν
1752 4289 1941 4346 omnis
1970 4290 2200 4367 generis
2230 4284 2420 4362 signi·

160 4397 182 4424 1
216 4378 375 4453 licat,
412 4378 522 4444 hoc
548 4395 756 4438 sensu:
799 4379 919 4439 nisi
935 4376 1103 4438 Deus
1129 4396 1239 4437 suo
1270 4376 1564 4455 praesidio
1589 4374 1744 4466 adsit
1770 4373 2017 4447 civitati,
2040 4380 2105 4429 et
2132 4366 2422 4478 custodiat
