2747 4800
680 231 689 246 J
746 282 873 349 Pe.
910 278 1031 368 49,
1081 297 1345 352 20.-21.
1417 273 1698 365 peso,
1752 302 1812 346 ι.
2235 281 2392 355 323

157 458 505 563 benefaciat
564 459 679 522 tibi
739 480 847 556 cop·
907 474 1071 525 tuum
1089 505 1111 538 ,
1183 464 1246 526 id
1293 471 1422 539 est,
1491 463 1763 526 hilariter
1812 475 1977 525 utere
2031 465 2202 526 bonIs
2255 470 2369 530 tibi

153 565 464 609 concessis.

321 657 424 713 2⁰.
507 659 734 746 ”1352ss
776 659 1054 737 affe-52
1098 661 1261 744 &¹¹:23
1312 658 1526 718 Veniet
1572 667 1764 717 tamen
1797 658 1887 716 ”ad
1921 663 2368 738 generationem

147 759 196 799 s.
216 738 655 820 *habitationem
681 753 953 823 patrum,
998 761 1145 821 quae
1177 744 1405 821 phrasis
1433 746 1673 802 eundem
1703 762 1933 803 sensum
1962 744 2157 820 habet,
2195 766 2382 826 quem⁸

72 863 105 872 -
145 827 285 883 illa:
346 825 550 903 colligi
598 826 681 884 ad
724 839 978 907 patres,
1034 838 1139 889 aut
1178 830 1263 888 ad
1304 828 1594 911 populum
1646 847 1814 886 saum
1864 825 2225 907 (Num-20,
2256 835 2362 894 24.

144 907 341 967 zehr.
373 912 478 983 34,
507 908 668 986 28.)‚
708 911 820 972 hoc
853 923 976 987 est,
1016 914 1205 988 mori,
1243 934 1379 973 nam
1411 915 1512 991 qui
1543 915 1827 984 moritur,
1870 917 2038 991 quasi
2070 916 2142 975 ad
2177 927 2361 979 totam

139 996 385 1072 stirpem
418 1014 666 1075 suosque
695 1001 937 1073 majores
970 999 1397 1076 proficiscitur,
1438 998 1512 1056 ad
1546 1016 1645 1057 eos
1674 998 2070 1073 coadunatur,
2113 1015 2241 1058 cum
2273 1005 2360 1062 eis

142 1091 569 1152 commoratur,
615 1081 685 1140 cf.
718 1083 864 1142 Gen.
893 1083 989 1156 15,
1012 1083 1106 1141 15.
1150 1149 1161 1160 ⁴
1189 1083 1259 1143 ln
1290 1084 1635 1162 pronomine
1668 1081 1840 1141 affixo
1871 1085 2125 1142 nominis
2161 1081 2360 1178 ’,ῆι-,ἑῇς

138 1165 402 1222 notanda
434 1168 696 1247 enallage
729 1169 938 1226 tertiae
970 1186 1249 1247 personae
1282 1189 1391 1246 pro
1426 1167 1713 1226 secunda:
1769 1170 1970 1228 venies
2012 1168 2097 1225 ad
2132 1181 2359 1230 coetum

121 1257 384 1326 patrum
413 1247 571 1322 ejas,
608 1272 735 1328 pro,
766 1263 999 1311 tuorum
1041 1252 1180 1327 (vid.
1208 1255 1283 1313 ad
1308 1253 1406 1312 ΡΒ.
1438 1252 1627 1332 2,.6.)
1701 1265 1912 1332 -ἥΝἾἸ
1952 1250 2035 1318 &b
2077 1266 2359 1317 nxz-79

131 1335 260 1395 ⁸7³²&
304 1331 428 1403 Qus·
471 1335 533 1392 in
562 1347 927 1416 perpetuum
965 1355 1153 1416 aeque
1200 1357 1317 1397 non
1358 1338 1567 1396 vident
1607 1335 1825 1408 lucem,
1864 1319 1878 1347 ⁸
1900 1340 2000 1412 qui
2042 1320 2361 1415 numquam

131 1427 508 1477 revertentur
537 1421 611 1479 ad
642 1420 752 1480 hoc
779 1424 920 1488 solis
951 1424 1163 1497 lumen,
1202 1424 1304 1484 scd
1333 1421 1632 1501 perpetuis
1661 1423 1915 1479 immersi
1938 1423 2136 1496 jacent
2163 1425 2359 1502 sepul-

130 1501 263 1560 chri
301 1512 362 1560 et
390 1504 750 1564 infernorum
779 1508 1051 1566 tenebris.
1409 1511 1412 1512 ⁷

304 1613 407 1669 21.
495 1612 707 1673 Totius
737 1618 1010 1675 carminis
1039 1635 1318 1675 summam
1350 1617 1513 1676 brevi
1545 1617 1866 1689 sententia,
1918 1626 2190 1693 tanquam
2229 1618 2355 1693 epi-

127 1695 510 1772 phonemate,
568 1704 1003 1777 complectitur,
1058 1714 1117 1759 et
1148 1703 1233 1759 ita
1270 1702 1532 1780 quidem,
1588 1710 1656 1757 ut
1694 1701 1898 1759 iisdem
1940 1700 2101 1774 fere,
2143 1702 2351 1780 quibus

126 1780 230 1837 Vs.
256 1783 357 1839 13.
394 1801 531 1839 usus
565 1782 786 1858 fuerat,
827 1789 1035 1844 iterum
1067 1795 1267 1843 utatur
1300 1787 1515 1860 verbis,
1556 1785 1844 1865 singulari
1872 1795 2064 1844 tamen
2097 1785 2350 1844 artificio

124 1868 308 1922 unius
335 1869 597 1925 litei-ulae
628 1872 1013 1928 alternatione
1052 1869 1215 1955 (3³:32
1251 1889 1357 1947 pto
1398 1865 1555 1952 ᾖξ’)
1596 1870 1658 1926 in
1691 1869 1982 1928 diversum
2017 1872 2187 1946 plane
2216 1887 2351 1926 sen-

124 1968 258 2008 sum
300 1951 572 2011 deflexis:
624 1951 818 2010 Homo
863 1955 925 2011 in
961 1954 1180 2012 honore
1218 1938 1592 2012 constitat‘us
1636 1962 1700 2011 et
1742 1956 1845 2031 qai
1886 1972 2001 2011 non
2044 1953 2352 2030 inteuigit,

122 2037 258 2107 vel,
320 2037 383 2093 si
430 2055 543 2094 non
596 2038 932 2119 intelligat,
999 2039 1216 2098 similis
1257 2047 1352 2096 est
1383 2038 1715 2111 jumentis,
1773 2055 1923 2116 quae
1962 2037 2353 2112 exciduntur,

120 2115 338 2191 bomo,
396 2123 493 2178 cui
530 2123 847 2203 contigerit
886 2122 1125 2182 fortuna
1167 2123 1505 2202 splendida,
1562 2141 1670 2182 nec
1704 2123 1878 2182 simul
1915 2132 2079 2182 recto
2118 2122 2347 2199 judicio

120 2204 429 2278 praeditus
468 2204 669 2282 fuerit,
716 2206 868 2266 nihil
912 2208 1107 2268 differt
1145 2226 1183 2266 a
1224 2207 1554 2285 pecoribus.
2325 2217 2328 2220 ’

1089 2397 1138 2457 P
1155 2415 1209 2461 s.
1271 2394 1372 2456 60.

289 2512 714 2593 Argumentum
743 2512 915 2590 hujus
944 2514 1165 2573 Psalmi
1195 2526 1285 2573 est
1315 2534 1391 2573 ex
1420 2532 1632 2596 genere
1663 2512 1984 2586 didactlco,
2029 2532 2210 2593 grave
2246 2514 2345 2572 in-

117 2599 333 2672 primis
376 2607 436 2654 et
480 2597 878 2657 fructuosum:
950 2598 1078 2659 Deo
1126 2601 1402 2658 nimirum
1446 2617 1565 2658 non
1625 2599 1867 2676 placere;
1893 2599 2213 2670 sacrificia,
2282 2606 2347 2655 et

111 2694 401 2741 externos
435 2684 581 2739 ritus
616 2685 954 2762 religionis,
1013 2682 1114 2743 sed
1146 2686 1431 2742 sinceram
1459 2676 1655 2760 potius
1685 2685 1954 2758 pietatem
1974 2723 1993 2755 ,
2033 2681 2346 2759 laudesque

115 2785 190 2824 ex
236 2777 416 2845 grato
457 2769 652 2824 animo
694 2767 1076 2844 profluentes,
1128 2787 1314 2845 neque
1342 2787 1484 2827 vero
1517 2766 1621 2824 has
1655 2769 1810 2842 ipsas
1839 2768 2076 2842 pietatis
2111 2767 2346 2845 signifi-

110 2854 382 2908 cationes
414 2853 538 2907 sine
562 2852 798 2924 justitia
827 2855 1148 2928 ceterisque
1178 2853 1516 2911 virtutibus.
1574 2850 1685 2923 lta,
1716 2861 1944 2927 praeter
1972 2850 2345 2928 magnificum

107 2932 453 3005 exordium,
493 2952 607 3010 quo
640 2935 898 2994 dicendis
931 2939 1310 2995 attentionem
1340 2945 1399 2992 et
1427 2937 1832 2992 auctoritatem
1866 2934 2159 3004 conciliat,
2197 2933 2342 2990 duas

107 3017 293 3075 habet
337 3028 567 3107 partes:
623 3021 810 3093 primo
856 3020 984 3092 (Vs.
1027 3016 1322 3095 7—15.)
1365 3021 1639 3097 arguitur
1686 3017 1876 3071 cultor
1918 3018 2047 3099 plus
2091 3017 2343 3090 quidem,

104 3102 207 3160 sed
242 3103 492 3179 ignarus
515 3109 573 3156 et
600 3104 1007 3177 superstitioni
1039 3102 1350 3172 obnoxius,
1392 3097 1598 3158 deinde
1625 3095 1747 3173 (Vs.
1775 3095 2087 3174 16—22.)
2126 3102 2343 3174 impro-

105 3185 223 3241 bus
256 3185 497 3260 pietatis
525 3184 849 3243 simulator.
937 3186 1111 3244 Brevi
1139 3187 1367 3265 epilogo
1405 3181 1531 3263 (Vs.
1559 3180 1688 3258 23.)
1720 3183 2129 3257 complectitur
2156 3183 2343 3241 totius

103 3269 396 3326 carminis
425 3286 702 3326 summam
731 3280 789 3327 et
820 3271 1291 3351 objurgationum
1322 3286 1468 3346 quas
1502 3269 1784 3341 continet,
1816 3267 2006 3326 finem.

224 3356 235 3369 ”
282 3367 669 3426 Adventantis
712 3369 823 3427 Dei
866 3373 926 3429 in
971 3375 1224 3450 quinque
1263 3370 1556 3447 prioribus
1598 3369 1878 3427 carminis
1915 3368 2194 3427 Versibus
2238 3366 2341 3426 dc-

100 3455 359 3531 seriptio
396 3470 625 3510 causam
659 3458 862 3514 attulit
891 3457 1215 3535 aliquibus,
1263 3466 1330 3513 ut
1362 3454 1517 3512 hunc
1545 3453 1835 3511 Psalmum
1869 3463 2054 3512 totum
2090 3451 2340 3530 prophe-

103 3542 253 3595 tiam
290 3536 553 3594 facerent
585 3540 652 3597 de
677 3550 923 3598 venturo
953 3542 1163 3599 Messia
1206 3541 1326 3616 (ita
1350 3538 1546 3597 Jarchi
1566 3557 1582 3597 ε
1628 3538 1698 3596 de
1732 3536 2086 3595 liberatione
2110 3536 2337 3609 futuri

97 3623 391 3699 temporis
421 3623 822 3697 vaticinatur,
851 3636 909 3682 et
941 3623 1211 3683 Kimchio
1242 3624 1339 3682 hic
1364 3624 1462 3682 Ps.
1494 3622 1565 3680 de
1597 3622 1691 3680 die
1715 3616 1950 3696 judicii
1981 3623 2045 3678 in
2077 3621 2339 3679 adventu

98 3706 471 3764 redemtoris
515 3709 793 3785 loquitur,
837 3712 971 3767 coll.
1001 3705 1150 3770 Joel.
1181 3710 1243 3781 4,
1271 3711 1330 3766 2.
1367 3706 1516 3784 14),
1566 3708 1670 3784 qui
1707 3708 1777 3765 de
1818 3708 2044 3783 populis
2073 3705 2337 3770 Hebraeo

98 3792 367 3849 inimicis
396 3791 711 3849 vindictam
743 3795 821 3851 sit
847 3807 1159 3852 sumturus.
1234 3792 1349 3852 Sed
1377 3792 1590 3850 Versus
1625 3792 1718 3847 illi
1750 3791 2053 3848 exordium
2085 3799 2338 3859 tantum,

99 3879 189 3933 uti
233 3874 535 3947 diximus,
591 3875 848 3952 faciunt,
919 3897 1033 3956 quo
1075 3880 1333 3958 legentes
1379 3887 1438 3935 et
1483 3876 1787 3935 audientes
1832 3875 1905 3933 ad
1953 3875 2337 3932 attentionem

95 3959 372 4016 dicendis
414 3961 791 4036 praebendam
832 3965 1072 4021 excitat.

278 4058 512 4118 Primus
553 4060 648 4118 hic
688 4073 778 4120 est
810 4063 1074 4122 Psalmus
1115 4083 1187 4123 ex
1230 4064 1336 4136 iis,
1389 4062 1605 4147 ,quibus
1639 4024 1874 4143 Anaphe·
1913 4060 2332 4140 praescriptum

91 4152 185 4203 est
220 4163 481 4215 nomen,
529 4146 599 4203 de
627 4147 835 4224 quibus
870 4148 1001 4206 vide
1030 4150 1302 4229 Prolegg.
1345 4165 1403 4222 p.
1435 4146 1496 4208 5.

281 4262 339 4318 1.
422 4261 752 4324 Exordium
779 4267 1187 4345 magnificum,
1244 4284 1359 4343 quo
1389 4263 1579 4325 Deum
1617 4266 1947 4341 loquentem
1991 4257 2337 4319 inducturus

83 4356 273 4423 ΡΜ*
316 4364 451 4406 ²¹1¹ss
492 4348 671 4407 ⁸i⁸tit'
692 4351 1029 4411 universum
1069 4369 1253 4433 genus
1286 4351 1602 4490 humanu}
1632 4349 1866 4407 solenni
1891 4346 2084 4406 edicto
2116 4361 2336 4402 convoae

1403 4440 1420 4454 ⁸
1618 4436 1661 4490 2
