2747 4800
360 286 515 360 686
926 294 1042 360 Ps.
1090 292 1251 374 140,
1313 289 1576 356 13.14.
1662 292 1807 361 ..1²⁸
1861 289 2019 359 141'.

358 483 478 538 est
487 476 861 558 capiendum,
901 475 1277 538 venabuntur
1307 493 1463 535 eum.
1546 471 1809 572 ῆὲιΠἾξξ
1845 475 1949 537 Ad
1985 476 2405 558 impulsiones,
2450 480 2493 539 i.
2528 500 2583 541 e.

361 567 433 623 ab
489 583 607 623 uno
661 566 813 622 malo
864 567 928 624 in
982 566 1268 636 alterum,
1348 560 1535 621 donec
1572 545 2075 622 vehementissime
2118 567 2457 644 exagitatus
2504 568 2583 625 ad

287 708 302 724 ἱ
359 651 659 707 interitum
694 652 1127 725 praecipitetur.
1208 649 1673 708 Alexandrinus.
1723 649 1811 720 εἰς
1851 647 2292 728 καταφθορὰν,
2348 651 2582 770 Vulga—

359 741 488 792 tus:
535 734 598 789 in
640 734 989 808 interitum3
1041 752 1153 792 uec
1192 734 1370 792 aliter
1411 734 1620 811 Syrus.
1869 755 1873 762 ·

531 825 627 892 13.
712 819 958 897 Certum
979 827 1193 907 habeo,
1232 832 1460 908 Deum,
1515 843 1788 912 tanquam
1813 833 2032 910 J‘ustum
2059 825 2350 912 judicem,
2405 837 2586 896 num'-

356 935 525 995 quam
558 920 1031 987 commissurum}
1075 920 1216 997 quin
1244 917 1585 978 hominem
1568 939 1815 996 inopem,
1853 922 2077 995 justum
2110 930 2169 976 et
2199 922 2583 981 innocentem

356 1001 646 1061 defendat.
731 1001 898 1072 Quod
942 1023 1085 1085 ergo
1130 1005 1282 1062 ille
1263 1023 1329 1062 ιιι
1360 1006 1699 1064 universum
1729 1003 1907 1104 facit?
1952 1005 2102 1062 idem
2138 1006 2203 1062 ἰιι
2230 1025 2360 1063 mea
2399 1026 2588 1066 causa

358 1086 649 1146 facturum
697 1106 885 1162 spero.

524 1189 620 1246 14.
705 1197 1025 1276 ἾἿιῦ-Πὲξ
1067 1188 1268 1281 ΕἿὛῤ·
1318 1185 1477 1280 Ἱῧῐρζ
1520 1183 1842 1264 Sedebant,
1880 1183 2230 1258 habitabunt
2261 1192 2447 1263 recti,
2480 1210 2581 1248 co-

354 1292 486 1330 ram
511 1272 698 1346 facie
737 1283 878 1346 tua,
932 1281 1067 1333 ante
1109 1253 1308 1333 οοιῖἰοε
1345 1285 1478 1331 tuos
1514 1275 1936 1347 versabuntur,
1994 1276 2099 1333 sub
2144 1287 2200 1335 te
2244 1287 2584 1352 protectore

354 1367 546 1416 erunt.
630 1355 971 1418 Similitudo
1019 1378 1056 1416 a
1095 1359 1517 1452 patrefamilias
1568 1361 1754 1436 petita
1788 1361 2056 1432 videtur,
2118 1361 2182 1417 in
2225 1361 2389 1434 cujus
2438 1380 2582 1419 con-

352 1453 552 1519 spectu
584 1443 812 1501 assidue
843 1454 1149 1501 versantur
1177 1444 1368 1516 liberi,
1399 1442 1546 1521 quos
1575 1443 1800 1521 educat,
1836 1451 2057 1518 tuetur,
2086 1448 2295 1503 nutrit.
2355 1444 2404 1501 l>
2408 1448 2582 1503 ocula
2626 1455 2639 1466 ·

351 1539 445 1590 n&
486 1526 612 1584 h.1.
656 1527 1144 1604 propinquitatem
1187 1529 1464 1600 denotat,
1534 1536 1601 1587 ut
1642 1527 1894 1602 Esth.1‚
1932 1531 2029 1587 10.
2078 1528 2357 1588 Eunuchi
2396 1531 2582 1586 mini-

351 1610 655 1754 grabam,
705 1608 821 1698 2713
845 1623 891 1690 ῃ
933 1624 1204 1706 ’πε-ηιξ
1250 1630 1453 1671 coram
1476 1611 1665 1686 facie
1705 1615 1908 1691 regin
1972 1615 2111 1672 item
2148 1614 2364 1675 lsam.
2389 1616 2582 1690 2‚11.

403 1714 431 1752 s
490 1698 590 1771 16,
622 1700 719 1755 11.
768 1699 871 1771 2,
903 1699 962 1755 7.

1302 1882 1417 1943 rs.
1467 1886 1608 1944 141.

516 1999 797 2061 Precatur
824 2000 1049 2075 Deum,
1096 2007 1168 2058 ut
1199 2002 1286 2058 sie
1315 2003 1578 2081 linguam
1610 2011 1668 2060 et
1701 2003 1955 2059 animum
1989 2009 2299 2079 componat
2338 2021 2409 2061 ac
2446 2023 2574 2069 mo·

350 2086 616 2160 deretur,
669 2087 813 2145 nihil
850 2095 919 2145 ut
953 2087 1260 2164 quicquam
1299 2105 1404 2161 per
1437 2088 1854 2163 impatientiam
1892 2089 1956 2143 in
1987 2085 2175 2146 Deum
2217 2099 2321 2144 aut
2360 2088 2574 2145 adver*

304 2221 307 2223 ,
348 2172 538 2228 sarius
585 2182 797 2230 temere
840 2169 1103 2245 effutiat,
1167 2189 1350 2248 neque
1391 2181 1616 2244 peccet,
1680 2170 1924 2228 allectus
1969 2170 2259 2245 hostium,
2319 2179 2572 2249 quorum

346 2257 648 2336 ingenium
690 2266 974 2324 etmores
1010 2254 1303 2328 describit,
1348 2258 1626 2313 societate
1658 2264 1717 2311 et
1743 2247 2177 2314 consuetudine.
2263 2256 2573 2314 Postremo

344 2342 495 2417 petit
542 2359 604 2397 se
650 2343 870 2397 servari
917 2350 976 2397 et
1024 2339 1254 2398 defendi
1299 2338 1367 2397 ab
1414 2339 1667 2396 hostium
1712 2340 1977 2414 insidiis,
2045 2359 2190 2420 quos
2235 2352 2404 2418 optat
2444 2344 2572 2398 suis

344 2427 606 2502 ipsorum
644 2424 866 2499 artibus
909 2427 1121 2500 perire,
1161 2444 1223 2482 se
1263 2425 1430 2482 salvo
1472 2435 1530 2482 et
1568 2427 1867 2483 incolumi.

515 2506 584 2565 In
625 2508 901 2584 periculis
941 2508 1192 2588 quidem,
1247 2521 1305 2566 et
1346 2507 1693 2566 insidiarum
1733 2521 1910 2581 metu,
1955 2506 2243 2569 Psalmum
2277 2511 2569 2586 scriptum

289 2630 292 2633 -
347 2611 506 2665 esse,
547 2591 955 2663 manifestum3
1015 2593 1113 2650 sed
1141 2611 1287 2670 quae
1315 2594 1420 2649 illa
1450 2595 1739 2668 pericula,
1777 2605 1836 2651 et
1869 2614 2012 2672 quae
2041 2594 2299 2654 insidiae
2319 2596 2568 2667 fuerintf

316 2696 464 2736 non
515 2679 673 2736 item.
757 2676 960 2754 Aliqui
1003 2685 1234 2750 tamen,
1296 2685 1606 2753 antequam
1656 2680 1922 2736 exularet
1966 2680 2252 2753 Davides,
2318 2690 2381 2736 et
2428 2681 2567 2738 dum

344 2760 533 2823 adhuc
564 2764 628 2820 in
664 2763 801 2819 aula
832 2756 1034 2820 Saulis
1060 2773 1234 2835 esset,
1275 2764 1430 2820 inter
1463 2763 1779 2821 malevolos
1814 2773 1875 2820 et
1918 2766 2124 2840 impios
2166 2772 2587 2822 assentatores

339 2849 524 2927 regis,
556 2851 844 2920 scriptum«
866 2848 1226 2904 existimant.
1295 2847 1415 2905 Alii
1444 2866 1585 2904 vero
1618 2850 1680 2904 in
1707 2849 1909 2921 exilio,
1952 2861 2011 2907 et
2043 2851 2111 2906 ab
2144 2852 2315 2907 exule
2340 2850 2567 2906 factum

344 2933 573 2991 docent.
657 2932 752 2990 Ex
776 2931 1031 2990 Kimchii
1064 2934 1355 2989 sententia
1386 2931 1580 2988 eadem
1609 2933 1909 2992 occasione
1940 2933 2036 2992 hic
2069 2928 2336 2995 Psalmus
2370 2934 2564 2991 editus

264 3004 279 3019 ’
338 3027 462 3089 est,
527 3036 643 3094 qua
685 3017 1059 3092 praecedens,
1129 3035 1302 3092 quum
1351 3014 1546 3073 David
1593 3019 1726 3074 exul
1768 3027 1827 3074 et
1871 3020 1934 3076 in
1977 3019 2117 3098 fuga
2162 3029 2312 3077 esset
2359 3037 2560 3076 coram

340 3100 544 3160 Saule.
629 3100 831 3177 Aliqui
860 3119 1032 3173 vero,
1077 3103 1178 3179 qui
1206 3112 1433 3173 tempus
1462 3082 1822 3158 accurratius
1853 3101 2089 3162 definire
2121 3113 2383 3175 tentant,
2431 3122 2559 3160 car·

333 3204 472 3243 men
512 3203 582 3243 eo
619 3185 920 3256 referunt,
979 3203 1152 3261 quum
1183 3184 1377 3243 David
1417 3187 1480 3241 in
1520 3187 1792 3260 spelunca
1827 3186 2170 3268 Engediana
2213 3188 2286 3246 ad
2330 3188 2560 3246 interfi-

335 3271 602 3329 ciendum
632 3270 904 3329 Saulum
907 3287 941 3325 a
973 3270 1278 3345 comitibus
1310 3271 1629 3350 instigatus
1659 3269 1882 3344 fuisset,
1924 3271 2129 3332 ISam.
2148 3275 2330 3345 24,1,
2350 3272 2408 3331 5.
2433 3293 2578 3350 ειμι..

336 3355 498 3434 (quo
513 3356 641 3430 ipso
671 3365 928 3427 tempore
952 3350 1241 3411 Psalmum
1277 3373 1427 3428 cum,
1467 3356 1568 3430 qui
1595 3357 1860 3430 proxime
1890 3356 2045 3414 hunc
2073 3360 2360 3434 sequitur,
2405 3377 2549 3415 con·

336 3440 522 3498 (litum
563 3456 717 3511 esse,
775 3440 938 3496 illius
971 3440 1180 3496 titulus
1216 3425 1542 3516 adfirmat)3
1611 3450 1782 3515 atque
1813 3440 2055 3500 Versum
2087 3444 2145 3499 6.
2189 3442 2362 3517 hujus
2409 3443 2550 3500 odae

331 3525 622 3600 respicere
651 3520 722 3580 ad
755 3543 821 3582 ea
848 3523 1055 3596 verba,
1096 3522 1303 3601 quibus
1333 3524 1568 3582 Saulem
1601 3525 1930 3615 alloquutus
1963 3535 2086 3598 est,
2128 3537 2441 3605 postquam
2472 3529 2548 3598 ei,

331 3611 396 3667 in
434 3624 682 3665 caverna
714 3606 1084 3684 deprehenso,
1127 3619 1403 3685 tanquam
1435 3617 1608 3665 uncto
1640 3598 1923 3667 Domini
1912 3623 2243 3670 reverenter
2275 3614 2550 3691 pepercit.

332 3693 424 3751 lta
464 3691 559 3750 hic
590 3693 855 3750 Psalmus
898 3697 1242 3768 exprimeret
1278 3712 1422 3769 quae
1459 3695 1787 3770 priusquam
1825 3698 1990 3772 pallii
2021 3692 2214 3755 Saulis
2246 3716 2410 3756 oram
2448 3698 2550 3753 ab·

328 3778 617 3850 scidisset,
651 3780 800 3854 apud
832 3790 896 3833 se
923 3779 1236 3857 cogitasset
1263 3776 1550 3846 Davides;
1595 3778 1749 3854 quod
1772 3790 1972 3838 tamen
1996 3785 2098 3840 vix
2128 3792 2216 3840 est
2246 3783 2547 3840 credibile.

326 3861 516 3942 Magis
543 3863 876 3920 verisimilis
910 3874 998 3918 est
1027 3862 1376 3920 anNGERt
1412 3866 1760 3936 conjectura,
1789 3866 1862 3924 ad
1889 3868 2127 3924 exilium
2158 3865 2547 3943 Mispahicum

326 3964 452 4005 esse
479 3944 770 4003 Psalmum
802 3946 1187 4020 referendum,
1232 3948 1460 4024 quando
1492 3948 1694 4005 cedens
1723 3957 1881 4007 terra
1910 3952 2179 4009 lsraelica
2206 3971 2279 4010 ex
2303 3952 2545 4010 Adolla-

233 4088 248 4095 Ἢ
321 4033 479 4089 mico
513 4048 683 4107 specu
713 4029 785 4089 ad
812 4028 1098 4089 Moabitas
1130 4034 1439 4103 concessit,
1475 4042 1534 4088 et
1567 4034 1630 4089 in
1639 4036 1984 4092 munitione
2017 4035 2220 4094 horum
2249 4034 2545 4114 Mispehae

322 4115 621 4187 exulavit,
671 4120 696 4172 1
719 4115 874 4173 Sa'm.
905 4116 1008 4188 22,
1042 4116 1254 4177 1-4.
1341 4116 1501 4172 luter
1534 4118 1725 4174 cetera
1759 4126 1968 4191 autem,
2018 4139 2160 4196 quae
2199 4139 2233 4177 a
2262 4119 2544 4181 Moahitis

319 4199 442 4256 illis
499 4197 955 4274 Mispehensibus
1018 4204 1290 4275 pertulit,
1359 4199 1729 4280 Rudingerus
1774 4213 1944 4278 putat
1986 4204 2076 4261 illi
2125 4207 2545 4284 gravissimum

261 4310 264 4315 ,
317 4283 516 4355 fuisse,
559 4283 711 4361 quod
739 4285 1012 4361 religioni
1041 4302 1210 4341 verae
1239 4287 1361 4358 ejus
1395 4285 1722 4357 illuserint,
1773 4299 1831 4345 et
1859 4287 1929 4344 ab
1959 4286 2065 4345 hac
2093 4308 2220 4347 eum
2248 4291 2541 4347 abducere

316 4378 573 4439 tentasse
603 4367 924 4426 videantur.
993 4368 1269 4439 „Quodsi
1303 4370 1443 4427 haec
1472 4372 1803 4444 conjectura
1829 4375 2126 4450 recipitur,
2158 4374 2543 4450 concipienda
