2747 4800
809 187 936 320 Pe:
987 264 1107 339 29,
1142 264 1276 314 aa·
1362 242 1490 356 Pe·
1543 240 1663 312 30.
2017 351 2020 358 μ
2197 234 2348 312 193

158 434 313 509 aaut,
354 443 570 509 manet,
612 429 774 496 Ioco
807 451 932 493 ren
955 433 1021 493 in
1056 437 1384 492 aetornum.
1466 436 1621 490 :ww
1651 427 1720 487 in
1742 403 2063 486 Prabunec
2095 385 2185 485 est
2212 443 2347 487 ver·

160 521 395 595 teudum3
450 519 578 578 Van
615 520 673 578 h.
704 523 747 578 1.
780 538 939 577 mere
969 521 1223 594 copulat.
1309 515 1509 592 Neque
1550 514 1704 571 enim
1747 509 1819 571 de
1857 511 2174 572 Praeterito
2213 531 2345 572 ser-

157 624 347 665 nonem
379 624 524 680 esse,
566 608 713 663 satis
745 604 917 663 docet
942 622 1154 662 nomen
1185 601 1455 680 proxime
1487 593 1750 658 additum
1782 594 1991 664 nbwb.

295 724 384 779 ll.
471 736 583 808 3222
631 715 781 812 *173335ι
835 721 903 784 '53’
930 721 1103 815 ,θ’-ι’]τἫι
1148 715 1307 778 Jova
1346 712 1532 775 robur
1569 712 1796 794 populo
1837 731 1943 771 suo
1982 716 2185 795 dabit,
2212 722 2342 782 ’isto

158 825 239 864 rex
266 808 547 887 gloriosus
579 819 638 867 et
681 818 796 864 tam
826 816 1028 882 potens
1062 823 1287 863 omnem
1313 820 1478 861 suam
1512 800 1832 878 potentiam
1871 800 1933 857 in
1977 802 2192 863 bonum
2233 805 2342 883 po·
2436 789 2444 808 ⁶

156 892 255 967 puli
296 895 384 950 sui
422 895 644 967 exerit,
692 893 913 950 virtute
958 877 1233 961 instruit,
1293 906 1367 945 ne
1414 905 1449 944 a
1492 886 1662 943 malis
1705 884 2087 960 opprimatur.
2176 893 2337 950 „557³

155 972 323 1064 15ἱέξὲ
362 980 656 1066 ἠεξ-ηιξ
706 987 864 1065 ,ΤΕἾ
908 971 1066 1032 Jova
1103 971 1321 1053 populo
1364 988 1472 1029 suo
1519 967 1823 1043 benefacit
1864 969 1993 1029 cum
2033 951 2340 1032 incolenti-'-

153 1068 270 1131 eate‚
312 1065 467 1119 omni
499 1057 907 1120 beneficiorum
938 1079 1153 1142 genere
1188 1077 1318 1117 eum
1361 1057 1637 1130 cumulat,
1674 1064 1847 1133 atque
1877 1055 2339 1120 incolumitatem

154 1146 242 1219 ipsi
275 1155 548 1225 praestat.
1139 1160 1147 1167 ·
1993 1149 1999 1158 “
2267 1147 2272 1150 ’
2445 1134 2452 1147 ’

1070 1289 1193 1375 Ps.
1255 1310 1359 1371 3ο.

288 1431 553 1495 Pericula
582 1433 932 1514 gravissimo
956 1432 1236 1490 liberatus
1267 1427 1493 1510 gratias
1524 1423 1652 1507 agit
1678 1422 1859 1486 Jovae
1884 1428 2127 1506 σωτῆρι,
2155 1447 2200 1487 a·
2218 1446 2337 1506 quo

147 1516 294 1580 fuerit
342 1531 758 1591 conservatus,
819 1527 877 1575 et
920 1519 1104 1594 ipsius
1150 1517 1508 1588 bonitatem,
1575 1511 1726 1590 quae
1775 1523 1877 1589 per
1924 1522 2108 1572 totam
2153 1516 2338 1573 vitam

146 1599 373 1665 nonnam
419 1602 628 1678 duret,
677 1622 853 1679 quum
897 1604 990 1660 ira
1031 1603 1189 1676 ejus,
1232 1611 1291 1657 et
1323 1616 1469 1676 quae
1498 1596 1570 1655 ab
1601 1596 1707 1654 hac
1741 1598 2139 1656 immittuntur
2163 1600 2338 1671 mala,

144 1690 284 1746 nabis
318 1691 558 1750 minime
590 1690 817 1746 soleant
861 1706 986 1744 esse
1030 1688 1342 1755 diuturna,
1404 1684 1633 1761 magnis
1673 1680 1973 1740 affectibus
2013 1683 2336 1761 praedicat,

147 1780 395 1850 testatus,
456 1793 577 1831 non
607 1774 720 1831 alia
753 1790 927 1829 eausa
952 1790 1012 1829 se
1046 1784 1239 1849 petere
1276 1771 1459 1827 vitam
1500 1767 1614 1826 sibi
1655 1769 1996 1844 prorogari,
2053 1787 2227 1846 quam
2269 1777 2338 1826 ut

140 1853 341 1918 fortiter
370 1877 445 1919 ea
474 1861 762 1916 instauret
797 1866 858 1915 et
891 1865 1250 1933 promoveat,
1296 1872 1443 1931 quae
1476 1850 1705 1908 faciunt
1733 1848 1807 1908 ad
1841 1852 2090 1930 gloriam
2116 1850 2248 1910 Dei.

280 1962 474 2029 Quum
504 1961 711 2017 titulus
743 1956 913 2033 hujus
949 1955 1226 2014 carminis
1258 1953 1436 2011 verba
1476 1952 1592 2008 ista
1625 1969 1766 2027 prae
1804 1968 1866 2009 se
1906 1950 2089 2012 ferat:
2132 1953 2337 2013 cantio

138 2040 513 2104 dedicationis
568 2044 808 2114 domum,
871 2049 1158 2118 quaerunt
1211 2040 1589 2113 interpretes,
1656 2036 1846 2111 qualis
1899 2045 1958 2093 et
2014 2037 2338 2111 cujusmodi

141 2122 314 2186 domus
360 2130 727 2188 consecratio
768 2127 1096 2197 iudicetur,
1154 2140 1353 2179 sacrae
1399 2138 1477 2178 an
1519 2116 1835 2195 profanae?
1918 2119 2110 2198 Atque
2152 2122 2340 2199 aliqui

137 2212 337 2283 quidem
362 2214 440 2272 de
467 2211 829 2272 tabernaculi
858 2211 1014 2267 sacri
1040 2205 1628 2276 consecratione,‘alii
1654 2204 1723 2262 de
1752 2202 1922 2262 domo
1948 2206 2135 2281 regia,
2163 2223 2339 2282 quam
2401 2259 2404 2262 .

138 2289 540 2372 Hierosolymis
582 2292 777 2351 David
817 2297 880 2350 in
926 2287 1134 2348 Sionio
1174 2285 1291 2343 sibi
1329 2292 1702 2342 exstruxerat
1742 2284 1998 2360 (2Sam.
2034 2283 2106 2355 5,
2140 2283 2199 2341 6.
2232 2290 2337 2348 12.

139 2374 295 2435 lchr.
332 2380 437 2451 14,
480 2375 641 2455 12),
698 2377 928 2434 titulum
959 2368 1424 2451 'intelligendum
1463 2368 1821 2425 existimant.
1906 2367 2101 2435 Quum
2137 2367 2335 2424 nullus

136 2460 263 2519 inter
283 2460 575 2554 ludaeos,
629 2462 732 2537 qui
761 2461 990 2517 domum
1023 2456 1413 2525 aedificasset,
1471 2453 1534 2508 in
1565 2469 1691 2508 eam
1725 2450 2132 2530 ingrederetur
2169 2446 2338 2507 habi-

137 2544 271 2604 tandi
300 2565 502 2617 causa,
544 2546 686 2622 qui-n
721 2544 880 2619 prius
912 2543 1071 2598 illam
1101 2547 1494 2597 consecrasset
1528 2534 1667 2607 (vid.
1700 2533 1878 2595 Deut.
1909 2536 2013 2608 20,
2042 2531 2148 2612 5.),
2180 2532 2339 2609 quod

137 2629 280 2688 fiebat
307 2630 593 2711 religioso
627 2630 826 2704 aliquo
850 2630 1007 2699 ritu,
1050 2635 1139 2698 et,
1180 2634 1247 2682 ut
1282 2623 1600 2681 verisimile
1629 2630 1750 2693 est,
1791 2621 2063 2677 cantione
2090 2618 2337 2691 alicujus

137 2718 429 2792 poematis3
498 2717 830 2790 conjectura
867 2721 956 2769 est
996 2712 1235 2767 minime
1280 2709 1532 2778 absona,
1588 2707 1826 2762 titulum
1869 2706 2046 2760 istum
2090 2702 2178 2760 ita
2218 2701 2338 2782 legi

134 2814 305 2871 posse:
344 2798 648 2870 Psalmus,
688 2796 992 2854 canticum
1035 2793 1437 2852 dedicationis
1480 2789 1704 2862 domus,
1745 2786 2047 2847 Davidis:
2098 2797 2165 2843 ut
2195 2783 2339 2851 haec

136 2882 227 2940 duo
251 2884 467 2958 verba,
512 2878 781 2942 Psalmus
822 2879 1117 2953 Davidis,
1151 2879 1503 2955 jungantur,
1542 2884 1610 2931 ut
1638 2868 1884 2943 assolet,
1921 2871 1995 2950 ad
2023 2871 2339 2949 designan-

134 2964 243 3026 dum
287 2981 627 3043 auctorem,
682 2969 906 3043 reliqua
952 2962 1304 3038 sintyeluti
1356 2955 1754 3036 parenthetica
1797 2955 1892 3013 vel
1947 2956 2222 3028 trajecta,
2279 2961 2339 3009 et

138 3056 516 3113 tantummodo
560 3050 927 3135 significent,
979 3047 1130 3106 hanc
1169 3047 1337 3104 odam
1380 3043 1564 3101 fuisse
1606 3041 1980 3115 compositam
2024 3034 2098 3096 ad
2137 3054 2338 3095 earum

134 3134 311 3212 ideam,
345 3157 503 3218 quae
533 3138 798 3196 solebant
829 3137 890 3192 in
927 3133 1198 3191 domuum
1231 3129 1667 3189 consecratione
1700 3125 1946 3185 cantari.
2015 3116 2151 3182 Non
2183 3120 2340 3199 quod

136 3236 453 3301 “gementu
484 3224 827 3293 conveniat,
885 3219 985 3277 sed
1026 3218 1180 3296 quod
1219 3216 1416 3274 eadem
1454 3221 1582 3270 erat
1621 3207 1975 3281 modulatio,
2031 3207 2340 3283 eademque

136 3299 390 3367 merm
426 3308 777 3383 compositio
806 3313 865 3362 et
889 3311 1208 3361 structura.
1292 3302 1484 3369 Quum
1514 3306 1706 3354 tamen
1733 3292 1877 3353 haec
1912 3292 2111 3368 opinio
2142 3291 2335 3348 minua

137 3395 279 3449 certis
307 3394 680 3475 argumentis
709 3393 968 3456 nitatur;
1010 3394 1261 3463 praestet
1285 3384 1525 3444 titulum
1554 3382 1717 3438 illum
1743 3377 1882 3436 huic
1900 3375 2136 3435 Psalmo
2169 3392 2345 3451 prae-.

138 3471 283 3534 lirum
317 3480 701 3550 existimare,
754 3493 873 3533 non
910 3483 981 3530 ut
1021 3474 1143 3547 ejus
1184 3468 1491 3529 materiam
1531 3475 1592 3525 et
1629 3463 1993 3524 occasionem
2033 3461 2339 3531 indicaret,

136 3560 215 3619 ted
247 3573 313 3621 ut
347 3574 621 3637 tempus,
678 3580 794 3639 quo
836 3559 1199 3635 compositus
1228 3565 1354 3628 est,
1404 3552 1829 3630 designaretur.
1912 3547 2151 3606 Nullum
2195 3562 2337 3601 vero

141 3650 333 3722 tenpus
374 3651 441 3705 in
478 3646 727 3704 Davidis
764 3643 1014 3702 historia
1049 3642 1408 3718 reperiatur,
1468 3635 1624 3714 quod
1662 3633 1874 3691 melius
1914 3630 2049 3689 huic
2093 3629 2339 3687 carmini

140 3735 491 3802 conveniret,
546 3748 717 3808 quam
755 3728 936 3801 illud,
990 3745 1105 3804 quo
1149 3745 1281 3783 eum
1321 3725 1552 3794 locum,
1595 3721 1656 3777 in
1693 3735 1807 3795 quo
1838 3717 2108 3792 templum
2139 3721 2342 3789 postea

140 3817 535 3874 exstruendum
564 3826 752 3887 esset,
806 3815 889 3871 ita
922 3812 1246 3883 dedicavit,
1291 3819 1360 3866 ut
1403 3808 1468 3864 in
1510 3825 1580 3863 ee
1620 3812 1694 3863 et.
1722 3802 1905 3859 altare
1946 3800 2235 3869 erexerit,
2280 3805 2340 3852 et

136 3900 466 3959 neriflcium
501 3899 795 3959 obtulerit.
878 3897 941 3956 ld
978 3905 1168 3954 autem
1214 3914 1247 3952 a
1281 3890 1509 3963 Davide
1540 3887 1753 3946 factum
1784 3904 1907 3943 esse
1940 3886 2222 3957 scriptum
2251 3888 2341 3935 est

142 3980 295 4042 lehr.
327 3976 446 4058 21,
484 3986 583 4043 26.
630 3986 733 4058 22,
772 3988 823 4042 1.
905 3969 1056 4041 Nam
1088 3982 1300 4056 populo
1329 3979 1452 4050 ejus
1481 3977 1646 4049 jussu
1681 3980 2015 4041 numerato,
2059 3982 2233 4044 quum
2267 3981 2338 4020 eo

137 4060 264 4126 facto
292 4073 448 4128 iram
479 4068 659 4127 Jovae
692 4069 1065 4137 concitasset,
1107 4066 1459 4139 optioneque
1491 4059 1789 4135 proposita
1817 4055 2118 4111 maluisset
2149 4048 2340 4107 tribus

138 4146 309 4211 <liebus
351 4154 620 4235 gladium
659 4153 838 4212 Jovae
878 4154 944 4208 in
985 4154 1146 4208 terra
1184 4147 1441 4218 versari,
1499 4144 1661 4207 misit
1708 4142 1810 4198 ille
1854 4134 2238 4217 pestilentiam
2276 4134 2343 4201 in

138 4226 447 4315 luseum,
491 4257 636 4316 quae
673 4249 838 4297 tanta
878 4239 941 4295 vi
984 4237 1051 4293 in
1081 4235 1358 4313 populum
1386 4238 1652 4311 grassata
1679 4236 1803 4298 est,
1861 4232 1929 4280 ut
1969 4220 2344 4298 septuaginta

135 4322 292 4462 *igis
326 4327 603 4385 virorum
648 4324 1035 4384 interimeret.
1122 4317 1278 4378 Tum
1308 4315 1568 4397 Angelus
1606 4312 1821 4459 rgissus
1855 4304 2343 4382 Hierosolymam,

238 4407 436 4471 nahai.
908 4460 919 4473 ,
