2747 4800
309 256 324 263 Ι
382 280 594 367 572ῗ
1109 292 1449 388 Ps.·107‚
1511 290 1865 399 23—-29,

381 483 474 541 vel
506 476 696 557 quod,
741 486 809 535 ut
838 477 969 547 vult
999 473 1266 547 Kimchi,
1301 476 1470 533 'terra
1500 485 1689 533 exstet
1717 493 1887 552 super
1916 475 2057 532 litus
2086 477 2286 546 maris,
2333 481 2600 554 quamvis

296 608 307 622 .
386 565 683 641 alioquin,
727 564 952 639 inquit,
995 580 1153 620 mare
1180 561 1442 620 absolute
1472 570 1632 617 terra
1668 562 1748 619 sit
1775 561 1982 632 altius,
2018 562 2110 618 vel
2138 560 2326 636 quod,
2370 573 2439 619 ut
2470 566 2597 621 vult

386 647 667 724 Josephus
697 644 951 719 Kimohi,
992 647 1158 704 navis
1191 645 1478 723 profunda
1505 646 1602 717 sit,
1630 657 1688 703 et
1718 647 1779 702 in
1807 645 1968 701 illam
1999 644 2397 719 descendatur,
2440 648 2594 707 unde

388 734 459 792 de
484 727 641 791 Jona
674 735 729 804 1,
756 733 814 790 3.
848 729 1093 788 dicitur:
1134 730 1364 790 invenit
1405 748 1608 787 navem
1646 739 1708 788 et
1751 728 2053 786 descendit
2099 731 2164 786 in
2202 747 2349 786 ean.
2435 729 2591 789 Gro-

387 821 536 877 tius:
585 815 695 874 hoc
724 826 915 873 autem
947 816 1109 888 ideo,
1156 820 1292 892 quia
1320 815 1502 872 moles
1538 816 1693 873 altae
1726 823 1863 871 sunt
1894 814 1966 871 ad
1997 823 2232 887 portus,
2274 833 2350 871 ex
2384 816 2593 892 quibus

338 928 358 939 -
385 905 447 962 in
480 921 655 960 naves
688 899 1074 960 descenditur.
1158 910 1314 979 0³2]
1356 906 1517 959 0³³2:
1560 897 1783 961 ῒἾΞΝέ73
1822 900 1943 977 ἦρ’»
1972 897 2290 957 Facienles
2332 918 2485 978 opus
2527 901 2589 957 in

387 989 561 1064 aquis
613 987 853 1057 multis,
919 968 1314 1067 intelligenda
1351 995 1487 1040 sunt
1538 1003 1711 1061 opera
1760 966 1990 1041 navalia
2036 984 2409 1062 remigando,
2468 987 2597 1042 vela

388 1071 610 1143 dando,
659 1083 718 1130 et
757 1070 1136 1143 explicando,
1181 1087 1389 1127 rursus
1423 1068 1847 1141 contrahendo,
1894 1068 2305 1147 gubernand03
2365 1069 2597 1149 signifi-

383 1166 591 1213 cantur
623 1158 818 1232 itaque
852 1152 943 1210 his
975 1157 1167 1213 verbis
1199 1154 1543 1230 simpliciter
1572 1157 1969 1235 navigantes.

554 1273 655 1329 24.
737 1266 851 1328 Illi
882 1269 1197 1344 viderunt,
1243 1274 1282 1329 i.
1315 1291 1364 1328 e.
1402 1272 1623 1346 experti
1662 1280 1800 1327 sunt
1842 1287 2028 1350 opera
2067 1267 2303 1347 Jovae,
2334 1278 2399 1331 et
2440 1270 2600 1328 mira

383 1353 528 1429 ejus
541 1356 741 1430 facta
780 1356 845 1413 in
876 1354 1208 1434 profundo.
1291 1353 1509 1429 „Haec
1551 1373 1671 1412 non
1708 1364 1900 1431 putem
1941 1357 2317 1433 intelligenda
2355 1374 2480 1412 esse
2527 1355 2596 1413 de

385 1445 584 1498 multis
635 1442 964 1517 variisque,
1026 1459 1171 1516 quae
1217 1442 1282 1499 in
1326 1442 1477 1498 mari
1524 1440 1934 1522 navigantibus
1974 1459 2035 1496 se
2079 1439 2360 1513 offerant,
2420 1440 2595 1497 rebus

383 1527 638 1601 insolitis
681 1523 1104 1601 mirandisque,
1163 1546 1237 1583 ex
1275 1525 1482 1602 quibus
1525 1537 1678 1582 certe
1719 1525 2064 1601 perspicitur
2100 1526 2360 1599 potentia
2394 1541 2464 1580 ac
2494 1543 2596 1581 sa-

313 1622 318 1631 ‘
381 1612 603 1686 pientia
644 1610 792 1682 Dei,
857 1628 892 1666 a
939 1626 1052 1685 quo
1100 1608 1350 1669 condita
1377 1618 1514 1667 sunt
1559 1611 1786 1680 omnia,
1859 1607 1957 1665 sed
2003 1609 2246 1666 redeunt
2284 1611 2481 1681 potius
2522 1608 2598 1666 ad

382 1694 691 1753 mirificum
724 1693 836 1752 Dei
868 1695 1184 1766 auxilium,
1245 1714 1358 1771 quo
1392 1711 1526 1750 usos
1561 1713 1621 1749 se
1652 1712 1775 1751 esse
1808 1690 2150 1769 persuadere
2180 1694 2293 1749 sibi
2329 1693 2595 1788 debcant,

386 1781 487 1855 qui
518 1798 592 1836 ex
622 1779 910 1837 horrenda
938 1790 1272 1854 tempestate
1306 1779 1453 1835 salvi
1481 1778 1840 1850 eluctentur3
1894 1776 2013 1835 fere
2046 1787 2111 1834 ut
2140 1762 2483 1835 Germanice
2522 1778 2593 1835 de

383 1882 487 1936 eo,
550 1866 649 1939 qui
679 1877 996 1921 extremum
1033 1865 1263 1940 aliquod
1298 1863 1603 1921 discrimen
1640 1861 1888 1919 feliciter
1921 1865 2138 1934 evasit,
2181 1860 2460 1919 dicimus·
2522 1879 2592 1917 er·

383 1945 541 2006 kann
576 1964 694 2007 von
748 1946 833 2005 W
828 1945 1053 2004 undet-n
1095 1966 1299 2026 eugen,
1335 1950 1539 2005 miram
1577 1949 1697 2025 ipse
1730 1946 2006 2004 bonitatis
2038 1958 2096 2004 et
2124 1949 2417 2023 potentiae
2443 1946 2595 2005 divi-

377 2050 489 2093 nae
516 2034 636 2093 vim
666 2042 937 2111 expertus
967 2034 1114 2090 est.“
1159 2034 1560 2135 Sensuanssn.

549 2149 656 2207 25.
739 2147 930 2207 Dixit
971 2159 1223 2221 tantum,
1265 2151 1304 2206 i.
1337 2170 1387 2208 e.
1427 2148 1617 2206 voluit
1656 2159 1713 2207 et
1744 2149 1943 2223 jussit,
1986 2157 2046 2205 et
2080 2130 2329 2205 cidelare
2367 2164 2414 2203 s.
2446 2148 2599 2205 oriri

379 2235 552 2307 fecit,
608 2236 918 2292 suscitavit
956 2236 1273 2312 (quomodo
1317 2246 1524 2322 -ι73ζἾ
1559 2243 1616 2291 et
1653 2243 1862 2294 ‘'mam-t
1906 2243 1964 2290 et
1999 2230 2274 2291 2Chron.
2307 2232 2406 2303 19,
2442 2230 2501 2288 5.
2535 2233 2597 2289 8.

382 2322 488 2392 20,
511 2320 612 2376 21.
647 2316 889 2393 dicitur)
917 2328 1152 2377 ventum
1188 2300 1451 2375 turbinis
1488 2337 1541 2376 s.
1563 2296 1887 2395 procellae,
1925 2317 2281 2394 sustulitque
2312 2318 2374 2372 in
2405 2315 2595 2373 alcun

382 2423 466 2461 sc.
498 2415 704 2462 ventus
740 2404 845 2460 ille
887 2403 1050 2480 (nam
1082 2402 1317 2462 verbum
1345 2404 1577 2460 feminei
1608 2406 1837 2483 generis
1872 2405 2126 2502 072]wa
2155 2402 2426 2459 convenit
2462 2420 2596 2459 cum

381 2491 627 2547 nomine
656 2487 903 2562 ejusdem
941 2490 1172 2568 generis
1215 2488 1363 2566 ῃιῆ)
1403 2488 1639 2594 fluctus
1677 2489 1843 2594 ejus,
1883 2489 2077 2545 maris.
2161 2486 2594 2544 Alexandrinus

377 2576 540 2652 prius
570 2571 994 2630 hemistichium
1027 2575 1110 2630 sic
1138 2571 1424 2629 reddidit.
1469 2566 1620 2645 εἶπε,
1657 2573 1756 2635 καὶ
1785 2571 1928 2653 ἔστη
1958 2575 2195 2651 πνεῦμα
2226 2565 2597 2649 καταιγίὸος,

289 2687 318 2710 π
380 2658 536 2735 quod
567 2657 848 2738 vulgatus
884 2669 1191 2736 sequutus,
1237 2655 1422 2730 dixit,
1466 2666 1528 2715 et
1569 2660 1750 2715 stetit
1793 2660 2059 2737 spiritus
2088 2655 2426 2737 procellae,
2473 2657 2512 2711 i.
2543 2677 2594 2713 e.

381 2753 652 2820 tanquam
710 2740 1011 2819 expeditus
1074 2742 1145 2800 ad
1203 2741 1627 2818 obsequendum
1682 2762 1882 2802 servus
1938 2752 2167 2819 praesto
2221 2740 2338 2797 fuit
2395 2739 2596 2801 turbo.

376 2826 596 2887 Sensus
629 2827 849 2896 bonus;
903 2847 1034 2887 eum
1068 2847 1210 2887 vero
1254 2828 1308 2884 si
1346 2839 1517 2905 poeta
1555 2831 1873 2906 exprimere
1907 2828 2226 2901 voluisset,
2284 2822 2597 2882 dicendum

375 2914 431 2972 ei
470 2911 663 2971 fuerat
704 2916 901 3003 7'72512.

541 3029 649 3086 26.
732 3028 1176 3091 Ascenderunt
1190 3029 1254 3087 in
1295 3028 1512 3087 coelum
1555 3047 1634 3089 sc.
1665 3028 1875 3088 fluctus
1904 3031 2153 3102 marini,
2208 3044 2268 3092 et
2302 3053 2437 3092 cum
2475 3035 2597 3091 illis

373 3114 718 3194 navigantes
758 3110 892 3192 (Vs.
918 3117 1017 3172 23.
1048 3113 1147 3176 25.
1153 3111 1204 3190 ),
1251 3134 1566 3214 rursusque
1613 3110 2047 3178 descenderunt
2089 3117 2153 3172 in
2193 3119 2444 3197 abyssos
2492 3138 2596 3176 seu

375 3200 586 3256 intima
631 3199 846 3273 maris,
899 3202 1095 3258 anima
1146 3219 1345 3257 eorum
1400 3201 1464 3255 in
1508 3201 1693 3272 malo,
1751 3202 1813 3258 in
1846 3211 2013 3259 tanto
2046 3200 2412 3276 discrimine,
2468 3215 2597 3262 tota

373 3283 560 3343 voluti
591 3281 1041 3362 colliquescebat
1082 3303 1151 3343 ac
1183 3284 1606 3344 dissolvebatur
1637 3304 1774 3362 prae
1806 3297 2007 3344 metu.

537 3401 644 3458 27.
734 3397 1349 3478 Circumvagabantur
1390 3397 1591 3487 (mm
1631 3403 1784 3478 enim
1818 3401 1890 3459 ad
1925 3421 2131 3460 nomen
2166 3405 2274 3466 ,ἢῆ
2314 3416 2406 3463 est
2440 3404 2594 3463 refe-

370 3481 652 3558 rendum,
715 3487 870 3562 quod
916 3484 1223 3544 chaldaice
1274 3498 1331 3544 et
1386 3465 1629 3564 Syrisce
1680 3481 2194 3564 significationem
2219 3488 2390 3547 hebet
2445 3492 2593 3566 gyri

302 3587 311 3596 ·
376 3566 686 3650 orbisque)
730 3578 794 3628 el
853 3571 1200 3629 titubarunt
1251 3573 1407 3630 sicut
1456 3570 1689 3643 ebrius,
1752 3575 2041 3652 vertigine
2094 3576 2260 3648 quasi
2312 3577 2594 3649 correpti,

376 3655 532 3729 quod
564 3674 763 3713 eorum
794 3665 905 3729 est,
949 3659 1050 3732 qui
1079 3658 1326 3732 perculsi
1356 3656 1772 3733 stupefactique
1800 3660 2029 3713 consilii
2066 3658 2262 3733 inopia
2293 3659 2591 3729 laborant,

370 3747 436 3795 et
453 3740 667 3802 omnis
710 3742 1016 3821 supientia
1054 3760 1254 3798 eorum
1295 3740 1588 3820 absorpta
1631 3751 1757 3815 est,
1818 3743 2090 3814 evanuit,
2151 3742 2430 3799 adversus
2472 3747 2594 3800 vim

370 3834 678 3883 ventorum
716 3844 813 3884 ars
854 3827 1169 3906 navigandi
1203 3835 1263 3884 et
1297 3829 1511 3902 peritia
1540 3845 1740 3884 eorum
1779 3825 1932 3883 nihil
1965 3829 2268 3903 quicquam
2296 3827 2594 3903 proderat.

367 3908 731 3990 Imaginibus
775 3909 931 3967 haud
978 3912 1224 3969 multum
1276 3911 1523 3970 diversis
1574 3921 1977 3989 tempestatem
2025 3912 2327 3988 depinxit
2312 3911 2595 3970 Ovidius

373 3991 566 4052 'Pr-ist.
606 3997 661 4054 1.
703 3996 874 4076 Eleg.
905 3998 965 4052 2.
1039 4029 1046 4035 ·

534 4113 637 4170 29.
721 4119 840 4200 2:572
875 4107 1061 4171 Stare
1115 4130 1166 4169 s.
1216 4113 1547 4171 consistere
1583 4110 1793 4185 fecit,
1867 4115 1909 4171 i.
1958 4132 2006 4171 e.
2054 4124 2119 4172 ut
2161 4122 2316 4172 recte
2361 4111 2595 4190 Syrus.

373 4197 648 4296 sedavit,
712 4215 951 4257 cessare
983 4197 1175 4271 fecit.
1261 4193 1486 4259 ‚77:⁷2⁸sp
1531 4197 1954 4256 Alexandrinus
2005 4209 2061 4257 et
2101 4198 2391 4276 vulgatus
2438 4209 2598 4255 recte

371 4285 459 4353 εἷς
499 4305 716 4361 avom,
773 4283 837 4340 in
885 4301 1096 4342 auram
1143 4260 1609 4356 transtulerunt,
1665 4302 1849 4359 neque
1888 4285 2044 4343 enim
2083 4277 2382 4344 silentiam
2428 4279 2602 4338 venti

369 4365 415 4447 (
416 4366 497 4426 W
493 4362 791 4448 anemae)
828 4367 1272 4450 intelligendum
1306 4385 1466 4440 esse,
1524 4367 1693 4427 docet
1735 4379 1853 4428 tam
1889 4385 1985 4427 res
2022 4372 2179 4446 ipsa,
2231 4386 2409 4444 quum
2452 4365 2608 4423 nibil
