<?xml version="1.0" encoding="UTF-8"?>
<!DOCTYPE html PUBLIC "-//W3C//DTD XHTML 1.0 Transitional//EN"
    "http://www.w3.org/TR/xhtml1/DTD/xhtml1-transitional.dtd">
<html xmlns="http://www.w3.org/1999/xhtml" xml:lang="en" lang="en">
 <head>
  <title>
</title>
<meta http-equiv="Content-Type" content="text/html;charset=utf-8" />
  <meta name='ocr-system' content='tesseract 3.04.00' />
  <meta name='ocr-capabilities' content='ocr_page ocr_carea ocr_par ocr_line ocrx_word'/>
</head>
<body>
  <div class='ocr_page' id='page_1' title='image "./ernfridcarrosen02rosegoog_0020.png"; bbox 0 0 2747 4800; ppageno 0'>
   <div class='ocr_carea' id='block_1_1' title="bbox 334 239 1756 361">
    <p class='ocr_par' dir='ltr' id='par_1_1' title="bbox 334 239 1756 361">
     <span class='ocr_line' id='line_1_1' title="bbox 334 239 1756 361; baseline -0.005 -23"><span class='ocrx_word' id='word_1_1' title='bbox 334 271 429 342; x_wconf 79' lang='lat'><strong>12</strong></span> <span class='ocrx_word' id='word_1_2' title='bbox 922 239 934 251; x_wconf 58' lang='lat'><em>„</em></span> <span class='ocrx_word' id='word_1_3' title='bbox 980 346 987 353; x_wconf 47' lang='grc'>,</span> <span class='ocrx_word' id='word_1_4' title='bbox 1119 267 1756 361; x_wconf 60' lang='grc' dir='ltr'><strong>Ρνοῖοὲνοηιεηα.</strong></span> 
     </span>
    </p>
   </div>
   <div class='ocr_carea' id='block_1_2' title="bbox 308 426 2597 1934">
    <p class='ocr_par' dir='ltr' id='par_1_2' title="bbox 308 426 2597 1934">
     <span class='ocr_line' id='line_1_2' title="bbox 327 426 2535 529; baseline -0.002 -11"><span class='ocrx_word' id='word_1_5' title='bbox 327 454 509 518; x_wconf 65' lang='lat' dir='ltr'><strong>Mosae</strong></span> <span class='ocrx_word' id='word_1_6' title='bbox 538 452 712 513; x_wconf 66' lang='lat' dir='ltr'><strong>neec.</strong></span> <span class='ocrx_word' id='word_1_7' title='bbox 743 453 848 528; x_wconf 80' lang='lat'><strong>31,</strong></span> <span class='ocrx_word' id='word_1_8' title='bbox 883 452 986 511; x_wconf 84' lang='lat'><strong>30.</strong></span> <span class='ocrx_word' id='word_1_9' title='bbox 1022 450 1128 528; x_wconf 78' lang='lat'><strong>32,</strong></span> <span class='ocrx_word' id='word_1_10' title='bbox 1166 426 1245 511; x_wconf 80' lang='grc' dir='ltr'><strong>ι.’</strong></span> <span class='ocrx_word' id='word_1_11' title='bbox 1266 454 1369 529; x_wconf 84' lang='grc'><strong>33,</strong></span> <span class='ocrx_word' id='word_1_12' title='bbox 1405 458 1483 528; x_wconf 87' lang='grc' dir='ltr'><strong>ι.,</strong></span> <span class='ocrx_word' id='word_1_13' title='bbox 1527 456 1589 512; x_wconf 68' lang='lat' dir='ltr'><strong>in</strong></span> <span class='ocrx_word' id='word_1_14' title='bbox 1620 454 1873 513; x_wconf 68' lang='lat' dir='ltr'><strong>carmine</strong></span> <span class='ocrx_word' id='word_1_15' title='bbox 1901 450 2184 525; x_wconf 56' lang='lat' dir='ltr'><strong>nebesac,</strong></span> <span class='ocrx_word' id='word_1_16' title='bbox 2222 449 2352 512; x_wconf 67' lang='lat' dir='ltr'><strong>sua.</strong></span> <span class='ocrx_word' id='word_1_17' title='bbox 2386 453 2445 529; x_wconf 77' lang='lat'><strong>6,</strong></span> <span class='ocrx_word' id='word_1_18' title='bbox 2480 455 2535 513; x_wconf 87' lang='lat'><strong>1.</strong></span> 
     </span>
     <span class='ocr_line' id='line_1_3' title="bbox 325 566 2536 652; baseline -0.001 -20"><span class='ocrx_word' id='word_1_19' title='bbox 325 576 511 652; x_wconf 80' lang='lat' dir='ltr'><strong>Atque</strong></span> <span class='ocrx_word' id='word_1_20' title='bbox 560 569 919 651; x_wconf 85' lang='lat' dir='ltr'><strong>quorundam</strong></span> <span class='ocrx_word' id='word_1_21' title='bbox 960 566 1319 635; x_wconf 81' lang='lat' dir='ltr'><strong>Psalmorum</strong></span> <span class='ocrx_word' id='word_1_22' title='bbox 1370 572 1576 629; x_wconf 81' lang='lat' dir='ltr'><strong>titulos</strong></span> <span class='ocrx_word' id='word_1_23' title='bbox 1623 573 1907 651; x_wconf 85' lang='lat' dir='ltr'><strong>genuinos</strong></span> <span class='ocrx_word' id='word_1_24' title='bbox 1951 588 2075 629; x_wconf 87' lang='lat' dir='ltr'><strong>esse</strong></span> <span class='ocrx_word' id='word_1_25' title='bbox 2129 573 2236 629; x_wconf 79' lang='lat' dir='ltr'><strong>vix</strong></span> <span class='ocrx_word' id='word_1_26' title='bbox 2279 571 2536 630; x_wconf 87' lang='lat' dir='ltr'><strong>dubitari</strong></span> 
     </span>
     <span class='ocr_line' id='line_1_4' title="bbox 326 686 2535 769; baseline -0.003 -20"><span class='ocrx_word' id='word_1_27' title='bbox 326 699 535 769; x_wconf 87' lang='lat' dir='ltr'><strong>potest.</strong></span> <span class='ocrx_word' id='word_1_28' title='bbox 614 686 831 747; x_wconf 76' lang='lat' dir='ltr'><strong>Eadem</strong></span> <span class='ocrx_word' id='word_1_29' title='bbox 865 689 1209 765; x_wconf 74' lang='lat' dir='ltr'><strong>inscriptio,</strong></span> <span class='ocrx_word' id='word_1_30' title='bbox 1255 706 1403 767; x_wconf 77' lang='lat' dir='ltr'><strong>quae</strong></span> <span class='ocrx_word' id='word_1_31' title='bbox 1435 686 1533 752; x_wconf 85' lang='lat' dir='ltr'><strong>Ps.</strong></span> <span class='ocrx_word' id='word_1_32' title='bbox 1565 688 1659 745; x_wconf 89' lang='lat'><strong>18.</strong></span> <span class='ocrx_word' id='word_1_33' title='bbox 1692 687 1947 764; x_wconf 79' lang='lat' dir='ltr'><strong>praefixa</strong></span> <span class='ocrx_word' id='word_1_34' title='bbox 1978 697 2100 760; x_wconf 86' lang='lat' dir='ltr'><strong>est,</strong></span> <span class='ocrx_word' id='word_1_35' title='bbox 2143 689 2360 767; x_wconf 83' lang='lat' dir='ltr'><strong>legitur</strong></span> <span class='ocrx_word' id='word_1_36' title='bbox 2389 705 2535 764; x_wconf 84' lang='lat' dir='ltr'><strong>qno-</strong></span> 
     </span>
     <span class='ocr_line' id='line_1_5' title="bbox 324 803 2536 885; baseline -0.002 -20"><span class='ocrx_word' id='word_1_37' title='bbox 324 826 435 885; x_wconf 85' lang='lat' dir='ltr'><strong>que</strong></span> <span class='ocrx_word' id='word_1_38' title='bbox 488 806 530 863; x_wconf 86' lang='lat'><em>2</em></span> <span class='ocrx_word' id='word_1_39' title='bbox 562 804 722 864; x_wconf 82' lang='lat' dir='ltr'><strong>Sam.</strong></span> <span class='ocrx_word' id='word_1_40' title='bbox 766 806 890 879; x_wconf 83' lang='lat'><strong>22,</strong></span> <span class='ocrx_word' id='word_1_41' title='bbox 931 805 991 862; x_wconf 84' lang='lat'><strong>2.</strong></span> <span class='ocrx_word' id='word_1_42' title='bbox 1076 805 1368 873; x_wconf 76' lang='lat' dir='ltr'><strong>Quaedam</strong></span> <span class='ocrx_word' id='word_1_43' title='bbox 1423 806 1599 861; x_wconf 81' lang='lat' dir='ltr'><strong>etiam</strong></span> <span class='ocrx_word' id='word_1_44' title='bbox 1637 803 1845 863; x_wconf 85' lang='lat' dir='ltr'><strong>horum</strong></span> <span class='ocrx_word' id='word_1_45' title='bbox 1892 809 2212 864; x_wconf 87' lang='lat' dir='ltr'><strong>carminum</strong></span> <span class='ocrx_word' id='word_1_46' title='bbox 2260 807 2346 862; x_wconf 88' lang='lat' dir='ltr'><strong>ita</strong></span> <span class='ocrx_word' id='word_1_47' title='bbox 2396 813 2536 862; x_wconf 88' lang='lat' dir='ltr'><strong>sunt</strong></span> 
     </span>
     <span class='ocr_line' id='line_1_6' title="bbox 324 908 2532 1001; baseline -0.003 -17"><span class='ocrx_word' id='word_1_48' title='bbox 324 932 687 1001; x_wconf 76' lang='lat' dir='ltr'><strong>comparata,</strong></span> <span class='ocrx_word' id='word_1_49' title='bbox 747 932 815 982; x_wconf 88' lang='lat' dir='ltr'><strong>ut</strong></span> <span class='ocrx_word' id='word_1_50' title='bbox 857 941 926 979; x_wconf 88' lang='lat' dir='ltr'><strong>ca</strong></span> <span class='ocrx_word' id='word_1_51' title='bbox 974 923 1101 1000; x_wconf 87' lang='lat' dir='ltr'><strong>ipso</strong></span> <span class='ocrx_word' id='word_1_52' title='bbox 1140 924 1245 980; x_wconf 84' lang='lat' dir='ltr'><strong>illo</strong></span> <span class='ocrx_word' id='word_1_53' title='bbox 1285 931 1577 997; x_wconf 87' lang='lat' dir='ltr'><strong>tempore,</strong></span> <span class='ocrx_word' id='word_1_54' title='bbox 1640 922 1803 996; x_wconf 81' lang='lat' dir='ltr'><strong>cujus</strong></span> <span class='ocrx_word' id='word_1_55' title='bbox 1837 923 2139 1000; x_wconf 75' lang='lat' dir='ltr'><strong>inscriptio</strong></span> <span class='ocrx_word' id='word_1_56' title='bbox 2182 908 2532 979; x_wconf 81' lang='lat' dir='ltr'><strong>mentionem</strong></span> 
     </span>
     <span class='ocr_line' id='line_1_7' title="bbox 319 1027 2532 1120; baseline -0.001 -22"><span class='ocrx_word' id='word_1_57' title='bbox 319 1040 479 1114; x_wconf 84' lang='lat' dir='ltr'><strong>facit,</strong></span> <span class='ocrx_word' id='word_1_58' title='bbox 523 1039 839 1116; x_wconf 76' lang='lat' dir='ltr'><strong>composita</strong></span> <span class='ocrx_word' id='word_1_59' title='bbox 875 1057 1021 1113; x_wconf 85' lang='lat' dir='ltr'><strong>esse,</strong></span> <span class='ocrx_word' id='word_1_60' title='bbox 1063 1057 1136 1097; x_wconf 81' lang='lat' dir='ltr'><strong>ex</strong></span> <span class='ocrx_word' id='word_1_61' title='bbox 1172 1039 1298 1116; x_wconf 90' lang='lat' dir='ltr'><strong>ipso</strong></span> <span class='ocrx_word' id='word_1_62' title='bbox 1335 1041 1611 1100; x_wconf 85' lang='lat' dir='ltr'><strong>carminis</strong></span> <span class='ocrx_word' id='word_1_63' title='bbox 1647 1027 1989 1120; x_wconf 79' lang='lat' dir='ltr'><strong>argumento</strong></span> <span class='ocrx_word' id='word_1_64' title='bbox 2031 1047 2257 1115; x_wconf 87' lang='lat' dir='ltr'><strong>pateat,</strong></span> <span class='ocrx_word' id='word_1_65' title='bbox 2303 1038 2532 1096; x_wconf 77' lang='lat' dir='ltr'><strong>etiamsi</strong></span> 
     </span>
     <span class='ocr_line' id='line_1_8' title="bbox 318 1122 2527 1233; baseline -0.002 -18"><span class='ocrx_word' id='word_1_66' title='bbox 318 1157 482 1216; x_wconf 90' lang='lat' dir='ltr'><strong>nulla</strong></span> <span class='ocrx_word' id='word_1_67' title='bbox 524 1156 828 1233; x_wconf 69' lang='lat' dir='ltr'><strong>inscriptio</strong></span> <span class='ocrx_word' id='word_1_68' title='bbox 874 1156 1130 1233; x_wconf 82' lang='lat' dir='ltr'><strong>praefixa</strong></span> <span class='ocrx_word' id='word_1_69' title='bbox 1171 1155 1341 1213; x_wconf 80' lang='lat' dir='ltr'><strong>foret.</strong></span> <span class='ocrx_word' id='word_1_70' title='bbox 1427 1154 1529 1213; x_wconf 91' lang='lat' dir='ltr'><strong>Sic</strong></span> <span class='ocrx_word' id='word_1_71' title='bbox 1564 1122 1664 1212; x_wconf 64' lang='grc' dir='ltr'><strong>Ρει.Ι</strong></span> <span class='ocrx_word' id='word_1_72' title='bbox 1699 1157 1759 1213; x_wconf 85' lang='grc'><strong>3.</strong></span> <span class='ocrx_word' id='word_1_73' title='bbox 1802 1173 1934 1212; x_wconf 89' lang='lat' dir='ltr'><strong>cum</strong></span> <span class='ocrx_word' id='word_1_74' title='bbox 1978 1154 2224 1213; x_wconf 74' lang='lat' dir='ltr'><strong>historie</strong></span> <span class='ocrx_word' id='word_1_75' title='bbox 2263 1153 2527 1227; x_wconf 75' lang='lat' dir='ltr'><strong>Davidis,</strong></span> 
     </span>
     <span class='ocr_line' id='line_1_9' title="bbox 318 1269 2527 1355; baseline -0.002 -24"><span class='ocrx_word' id='word_1_76' title='bbox 318 1291 496 1351; x_wconf 81' lang='lat' dir='ltr'><strong>quum</strong></span> <span class='ocrx_word' id='word_1_77' title='bbox 548 1271 704 1330; x_wconf 88' lang='lat' dir='ltr'><strong>filius</strong></span> <span class='ocrx_word' id='word_1_78' title='bbox 746 1281 969 1349; x_wconf 87' lang='lat' dir='ltr'><strong>patrem</strong></span> <span class='ocrx_word' id='word_1_79' title='bbox 1009 1292 1198 1353; x_wconf 81' lang='lat' dir='ltr'><strong>regno</strong></span> <span class='ocrx_word' id='word_1_80' title='bbox 1241 1275 1558 1350; x_wconf 80' lang='lat' dir='ltr'><strong>spoliaret,</strong></span> <span class='ocrx_word' id='word_1_81' title='bbox 1618 1273 1946 1348; x_wconf 76' lang='lat' dir='ltr'><strong>conspirat,</strong></span> <span class='ocrx_word' id='word_1_82' title='bbox 2018 1281 2100 1355; x_wconf 25' lang='lat' dir='ltr'><strong>ut·</strong></span> <span class='ocrx_word' id='word_1_83' title='bbox 2139 1274 2242 1330; x_wconf 82' lang='lat' dir='ltr'><strong>vix</strong></span> <span class='ocrx_word' id='word_1_84' title='bbox 2291 1269 2527 1328; x_wconf 86' lang='lat' dir='ltr'><strong>dubium</strong></span> 
     </span>
     <span class='ocr_line' id='line_1_10' title="bbox 315 1388 2525 1467; baseline -0.003 -18"><span class='ocrx_word' id='word_1_85' title='bbox 315 1409 440 1450; x_wconf 86' lang='lat' dir='ltr'><strong>esse</strong></span> <span class='ocrx_word' id='word_1_86' title='bbox 479 1389 695 1466; x_wconf 87' lang='lat' dir='ltr'><strong>possit,</strong></span> <span class='ocrx_word' id='word_1_87' title='bbox 755 1390 897 1466; x_wconf 85' lang='lat' dir='ltr'><strong>quin</strong></span> <span class='ocrx_word' id='word_1_88' title='bbox 941 1390 1017 1446; x_wconf 89' lang='lat' dir='ltr'><strong>iis</strong></span> <span class='ocrx_word' id='word_1_89' title='bbox 1059 1391 1411 1467; x_wconf 78' lang='lat' dir='ltr'><strong>temporibus</strong></span> <span class='ocrx_word' id='word_1_90' title='bbox 1460 1390 1650 1449; x_wconf 88' lang='lat' dir='ltr'><strong>dictus</strong></span> <span class='ocrx_word' id='word_1_91' title='bbox 1698 1388 1812 1461; x_wconf 89' lang='lat' dir='ltr'><strong>sit,</strong></span> <span class='ocrx_word' id='word_1_92' title='bbox 1866 1388 2107 1447; x_wconf 80' lang='lat' dir='ltr'><strong>&#39;etiamsi</strong></span> <span class='ocrx_word' id='word_1_93' title='bbox 2146 1391 2366 1447; x_wconf 80' lang='lat' dir='ltr'><strong>nullam</strong></span> <span class='ocrx_word' id='word_1_94' title='bbox 2402 1388 2525 1462; x_wconf 72' lang='lat' dir='ltr'><strong>ejus</strong></span> 
     </span>
     <span class='ocr_line' id='line_1_11' title="bbox 315 1496 2597 1583; baseline -0.001 -16"><span class='ocrx_word' id='word_1_95' title='bbox 315 1509 403 1567; x_wconf 87' lang='lat' dir='ltr'><strong>rei</strong></span> <span class='ocrx_word' id='word_1_96' title='bbox 450 1506 757 1583; x_wconf 80' lang='lat' dir='ltr'><strong>inscriptio</strong></span> <span class='ocrx_word' id='word_1_97' title='bbox 796 1507 1148 1565; x_wconf 83' lang='lat' dir='ltr'><strong>mentionem</strong></span> <span class='ocrx_word' id='word_1_98' title='bbox 1192 1506 1427 1564; x_wconf 82' lang='lat' dir='ltr'><strong>faceret.</strong></span> <span class='ocrx_word' id='word_1_99' title='bbox 1513 1504 1670 1564; x_wconf 86' lang='lat' dir='ltr'><strong>Idem</strong></span> <span class='ocrx_word' id='word_1_100' title='bbox 1705 1505 1861 1562; x_wconf 80' lang='lat' dir='ltr'><strong>valet</strong></span> <span class='ocrx_word' id='word_1_101' title='bbox 1905 1502 1976 1563; x_wconf 85' lang='lat' dir='ltr'><strong>de</strong></span> <span class='ocrx_word' id='word_1_102' title='bbox 2015 1505 2252 1564; x_wconf 84' lang='lat' dir='ltr'><strong>Graccis</strong></span> <span class='ocrx_word' id='word_1_103' title='bbox 2300 1512 2362 1564; x_wconf 86' lang='lat' dir='ltr'><strong>et</strong></span> <span class='ocrx_word' id='word_1_104' title='bbox 2407 1504 2525 1583; x_wconf 75' lang='lat' dir='ltr'><strong>Sy·-</strong></span> <span class='ocrx_word' id='word_1_105' title='bbox 2594 1496 2597 1500; x_wconf 16' lang='grc' dir='ltr'><strong>Δ</strong></span> 
     </span>
     <span class='ocr_line' id='line_1_12' title="bbox 310 1616 2522 1700; baseline -0.001 -18"><span class='ocrx_word' id='word_1_106' title='bbox 310 1625 490 1691; x_wconf 80' lang='lat' dir='ltr'><strong>riacis</strong></span> <span class='ocrx_word' id='word_1_107' title='bbox 531 1616 1041 1700; x_wconf 77' lang='lat' dir='ltr'><strong>inscriptionibus,</strong></span> <span class='ocrx_word' id='word_1_108' title='bbox 1085 1640 1230 1700; x_wconf 87' lang='lat' dir='ltr'><strong>quae</strong></span> <span class='ocrx_word' id='word_1_109' title='bbox 1268 1624 1353 1679; x_wconf 89' lang='lat' dir='ltr'><strong>ita</strong></span> <span class='ocrx_word' id='word_1_110' title='bbox 1396 1620 1687 1679; x_wconf 88' lang='lat' dir='ltr'><strong>interdum</strong></span> <span class='ocrx_word' id='word_1_111' title='bbox 1722 1631 1862 1679; x_wconf 89' lang='lat' dir='ltr'><strong>sunt</strong></span> <span class='ocrx_word' id='word_1_112' title='bbox 1905 1633 2299 1698; x_wconf 77' lang='lat' dir='ltr'><strong>comparatae,</strong></span> <span class='ocrx_word' id='word_1_113' title='bbox 2342 1631 2413 1681; x_wconf 87' lang='lat' dir='ltr'><strong>ut</strong></span> <span class='ocrx_word' id='word_1_114' title='bbox 2451 1621 2522 1679; x_wconf 90' lang='lat' dir='ltr'><strong>de</strong></span> 
     </span>
     <span class='ocr_line' id='line_1_13' title="bbox 311 1722 2525 1825; baseline 0 -27"><span class='ocrx_word' id='word_1_115' title='bbox 311 1758 510 1798; x_wconf 85' lang='lat' dir='ltr'><strong>earum</strong></span> <span class='ocrx_word' id='word_1_116' title='bbox 561 1732 851 1825; x_wconf 69' lang='grc' dir='ltr'><strong>αὖθεντίᾳ</strong></span> <span class='ocrx_word' id='word_1_117' title='bbox 893 1722 1229 1816; x_wconf 76' lang='lat' dir='ltr'><strong>nentiquam</strong></span> <span class='ocrx_word' id='word_1_118' title='bbox 1267 1740 1348 1795; x_wconf 91' lang='lat' dir='ltr'><strong>sit</strong></span> <span class='ocrx_word' id='word_1_119' title='bbox 1388 1734 1788 1797; x_wconf 84' lang='lat' dir='ltr'><strong>dubitandum.</strong></span> <span class='ocrx_word' id='word_1_120' title='bbox 1873 1740 2064 1807; x_wconf 73' lang='lat' dir='ltr'><strong>Quare</strong></span> <span class='ocrx_word' id='word_1_121' title='bbox 2101 1741 2339 1798; x_wconf 87' lang='lat' dir='ltr'><strong>minime</strong></span> <span class='ocrx_word' id='word_1_122' title='bbox 2383 1758 2525 1817; x_wconf 78' lang='lat' dir='ltr'><strong>pro-</strong></span> 
     </span>
     <span class='ocr_line' id='line_1_14' title="bbox 308 1848 2522 1934; baseline -0.001 -19"><span class='ocrx_word' id='word_1_123' title='bbox 308 1854 488 1915; x_wconf 74' lang='lat' dir='ltr'><strong>bandi</strong></span> <span class='ocrx_word' id='word_1_124' title='bbox 538 1848 843 1929; x_wconf 72' lang='lat' dir='ltr'><strong>videntur,</strong></span> <span class='ocrx_word' id='word_1_125' title='bbox 912 1854 1016 1933; x_wconf 87' lang='lat' dir='ltr'><strong>qui</strong></span> <span class='ocrx_word' id='word_1_126' title='bbox 1074 1857 1202 1913; x_wconf 88' lang='lat' dir='ltr'><strong>sine</strong></span> <span class='ocrx_word' id='word_1_127' title='bbox 1251 1856 1413 1914; x_wconf 86' lang='lat' dir='ltr'><strong>omni</strong></span> <span class='ocrx_word' id='word_1_128' title='bbox 1468 1851 1801 1912; x_wconf 81' lang='lat' dir='ltr'><strong>discrimine</strong></span> <span class='ocrx_word' id='word_1_129' title='bbox 1857 1872 2056 1913; x_wconf 85' lang='lat' dir='ltr'><strong>omnes</strong></span> <span class='ocrx_word' id='word_1_130' title='bbox 2114 1856 2522 1934; x_wconf 77' lang='lat' dir='ltr'><strong>inscriptiones</strong></span> 
     </span>
    </p>
   </div>
   <div class='ocr_carea' id='block_1_3' title="bbox 306 1969 2626 2050">
    <p class='ocr_par' dir='ltr' id='par_1_3' title="bbox 306 1969 2626 2050">
     <span class='ocr_line' id='line_1_15' title="bbox 306 1969 2626 2050; baseline 0 -20"><span class='ocrx_word' id='word_1_131' title='bbox 306 1969 693 2048; x_wconf 76' lang='lat' dir='ltr'><strong>repudiandos</strong></span> <span class='ocrx_word' id='word_1_132' title='bbox 720 1972 1004 2047; x_wconf 75' lang='lat' dir='ltr'><strong>judicant.</strong></span> <span class='ocrx_word' id='word_1_133' title='bbox 1085 1971 1287 2050; x_wconf 86' lang='lat' dir='ltr'><strong>Neque</strong></span> <span class='ocrx_word' id='word_1_134' title='bbox 1327 1981 1521 2030; x_wconf 84' lang='lat' dir='ltr'><strong>tamen</strong></span> <span class='ocrx_word' id='word_1_135' title='bbox 1563 1987 1762 2027; x_wconf 86' lang='lat' dir='ltr'><strong>omnes</strong></span> <span class='ocrx_word' id='word_1_136' title='bbox 1799 1980 2022 2029; x_wconf 78' lang='lat' dir='ltr'><strong>veteres</strong></span> <span class='ocrx_word' id='word_1_137' title='bbox 2058 1990 2178 2032; x_wconf 91' lang='lat' dir='ltr'><strong>uno</strong></span> <span class='ocrx_word' id='word_1_138' title='bbox 2214 1972 2523 2049; x_wconf 86' lang='lat' dir='ltr'><strong>eodemque</strong></span> <span class='ocrx_word' id='word_1_139' title='bbox 2621 1970 2626 1971; x_wconf 44' lang='lat'><em>⁷</em></span> 
     </span>
    </p>
   </div>
   <div class='ocr_carea' id='block_1_4' title="bbox 276 2068 2521 4412">
    <p class='ocr_par' dir='ltr' id='par_1_4' title="bbox 276 2068 2521 4384">
     <span class='ocr_line' id='line_1_16' title="bbox 276 2068 2521 2167; baseline 0 -22"><span class='ocrx_word' id='word_1_140' title='bbox 276 2068 482 2145; x_wconf 70' lang='lat' dir='ltr'><strong>⁵ruodo</strong></span> <span class='ocrx_word' id='word_1_141' title='bbox 531 2087 600 2146; x_wconf 88' lang='lat' dir='ltr'><strong>de</strong></span> <span class='ocrx_word' id='word_1_142' title='bbox 654 2086 1021 2147; x_wconf 83' lang='lat' dir='ltr'><strong>Psalmorum</strong></span> <span class='ocrx_word' id='word_1_143' title='bbox 1077 2089 1266 2147; x_wconf 91' lang='lat' dir='ltr'><strong>titulis</strong></span> <span class='ocrx_word' id='word_1_144' title='bbox 1324 2085 1605 2158; x_wconf 77' lang='lat' dir='ltr'><strong>sensisse,</strong></span> <span class='ocrx_word' id='word_1_145' title='bbox 1674 2098 1896 2146; x_wconf 84' lang='lat' dir='ltr'><strong>certum</strong></span> <span class='ocrx_word' id='word_1_146' title='bbox 1949 2099 2056 2147; x_wconf 90' lang='lat' dir='ltr'><strong>est.</strong></span> <span class='ocrx_word' id='word_1_147' title='bbox 2142 2088 2287 2167; x_wconf 81' lang='lat' dir='ltr'><strong>Syri</strong></span> <span class='ocrx_word' id='word_1_148' title='bbox 2335 2106 2521 2147; x_wconf 76' lang='lat' dir='ltr'><strong>novas</strong></span> 
     </span>
     <span class='ocr_line' id='line_1_17' title="bbox 305 2201 2520 2284; baseline -0.001 -21"><span class='ocrx_word' id='word_1_149' title='bbox 305 2222 711 2281; x_wconf 80' lang='lat' dir='ltr'><strong>saepenumero</strong></span> <span class='ocrx_word' id='word_1_150' title='bbox 743 2205 1147 2280; x_wconf 84' lang='lat' dir='ltr'><strong>inscriptiones</strong></span> <span class='ocrx_word' id='word_1_151' title='bbox 1188 2201 1568 2271; x_wconf 71' lang='lat' dir='ltr'><strong>effinxerunt,</strong></span> <span class='ocrx_word' id='word_1_152' title='bbox 1629 2205 1866 2278; x_wconf 77' lang='lat' dir='ltr'><strong>rejectis</strong></span> <span class='ocrx_word' id='word_1_153' title='bbox 1905 2208 2112 2284; x_wconf 81' lang='lat' dir='ltr'><strong>priscis</strong></span> <span class='ocrx_word' id='word_1_154' title='bbox 2159 2209 2312 2278; x_wconf 84' lang='lat' dir='ltr'><strong>illis,</strong></span> <span class='ocrx_word' id='word_1_155' title='bbox 2374 2221 2520 2282; x_wconf 81' lang='lat' dir='ltr'><strong>quae</strong></span> 
     </span>
     <span class='ocr_line' id='line_1_18' title="bbox 303 2305 2518 2399; baseline 0 -21"><span class='ocrx_word' id='word_1_156' title='bbox 303 2329 501 2378; x_wconf 85' lang='lat' dir='ltr'><strong>textus</strong></span> <span class='ocrx_word' id='word_1_157' title='bbox 527 2319 704 2379; x_wconf 86' lang='lat' dir='ltr'><strong>Hebr.</strong></span> <span class='ocrx_word' id='word_1_158' title='bbox 733 2331 793 2378; x_wconf 90' lang='lat' dir='ltr'><strong>et</strong></span> <span class='ocrx_word' id='word_1_159' title='bbox 824 2305 1003 2379; x_wconf 77' lang='lat' dir='ltr'><strong>Lxx</strong></span> <span class='ocrx_word' id='word_1_160' title='bbox 1045 2316 1333 2377; x_wconf 81' lang='lat' dir='ltr'><strong>exhibent.</strong></span> <span class='ocrx_word' id='word_1_161' title='bbox 1417 2313 1541 2373; x_wconf 88' lang='lat' dir='ltr'><strong>Nec</strong></span> <span class='ocrx_word' id='word_1_162' title='bbox 1575 2316 1792 2398; x_wconf 80' lang='lat' dir='ltr'><strong>exigua</strong></span> <span class='ocrx_word' id='word_1_163' title='bbox 1824 2338 2025 2379; x_wconf 82' lang='lat' dir='ltr'><strong>earum</strong></span> <span class='ocrx_word' id='word_1_164' title='bbox 2056 2339 2225 2399; x_wconf 83' lang='lat' dir='ltr'><strong>pars,</strong></span> <span class='ocrx_word' id='word_1_165' title='bbox 2267 2338 2413 2397; x_wconf 88' lang='lat' dir='ltr'><strong>quae</strong></span> <span class='ocrx_word' id='word_1_166' title='bbox 2453 2323 2518 2379; x_wconf 90' lang='lat' dir='ltr'><strong>in</strong></span> 
     </span>
     <span class='ocr_line' id='line_1_19' title="bbox 303 2421 2518 2519; baseline -0.001 -21"><span class='ocrx_word' id='word_1_167' title='bbox 303 2437 512 2498; x_wconf 88' lang='lat' dir='ltr'><strong>Bibliis</strong></span> <span class='ocrx_word' id='word_1_168' title='bbox 567 2421 940 2519; x_wconf 62' lang='lat' dir='ltr'><strong>Polyglottis</strong></span> <span class='ocrx_word' id='word_1_169' title='bbox 977 2449 1318 2512; x_wconf 76' lang='lat' dir='ltr'><strong>expressae,</strong></span> <span class='ocrx_word' id='word_1_170' title='bbox 1389 2429 1671 2509; x_wconf 75' lang='lat' dir='ltr'><strong>insipidas</strong></span> <span class='ocrx_word' id='word_1_171' title='bbox 1727 2433 1983 2512; x_wconf 82' lang='lat' dir='ltr'><strong>fabulas,</strong></span> <span class='ocrx_word' id='word_1_172' title='bbox 2057 2447 2116 2496; x_wconf 86' lang='lat' dir='ltr'><strong>et</strong></span> <span class='ocrx_word' id='word_1_173' title='bbox 2170 2440 2518 2519; x_wconf 70' lang='lat' dir='ltr'><strong>allegoricas</strong></span> 
     </span>
     <span class='ocr_line' id='line_1_20' title="bbox 302 2547 2519 2634; baseline -0.001 -19"><span class='ocrx_word' id='word_1_174' title='bbox 302 2556 692 2634; x_wconf 78' lang='lat' dir='ltr'><strong>mysticasque</strong></span> <span class='ocrx_word' id='word_1_175' title='bbox 730 2552 1177 2631; x_wconf 75' lang='lat' dir='ltr'><strong>explicationes,</strong></span> <span class='ocrx_word' id='word_1_176' title='bbox 1228 2567 1301 2607; x_wconf 81' lang='lat' dir='ltr'><strong>ex</strong></span> <span class='ocrx_word' id='word_1_177' title='bbox 1341 2547 1585 2606; x_wconf 80' lang='lat' dir='ltr'><strong>Patrurn</strong></span> <span class='ocrx_word' id='word_1_178' title='bbox 1623 2548 1855 2625; x_wconf 85' lang='lat' dir='ltr'><strong>scriptis</strong></span> <span class='ocrx_word' id='word_1_179' title='bbox 1896 2554 2142 2630; x_wconf 84' lang='lat' dir='ltr'><strong>petitas,</strong></span> <span class='ocrx_word' id='word_1_180' title='bbox 2193 2557 2364 2632; x_wconf 81' lang='lat' dir='ltr'><strong>sapit.</strong></span> <span class='ocrx_word' id='word_1_181' title='bbox 2446 2556 2519 2615; x_wconf 92' lang='lat' dir='ltr'><strong>In</strong></span> 
     </span>
     <span class='ocr_line' id='line_1_21' title="bbox 303 2666 2514 2752; baseline 0.001 -25"><span class='ocrx_word' id='word_1_182' title='bbox 303 2673 645 2750; x_wconf 72' lang='lat' dir='ltr'><strong>quibusdam</strong></span> <span class='ocrx_word' id='word_1_183' title='bbox 687 2687 824 2731; x_wconf 79' lang='lat' dir='ltr'><strong>vero</strong></span> <span class='ocrx_word' id='word_1_184' title='bbox 871 2667 1038 2725; x_wconf 88' lang='lat' dir='ltr'><strong>libris</strong></span> <span class='ocrx_word' id='word_1_185' title='bbox 1077 2683 1213 2725; x_wconf 85' lang='lat' dir='ltr'><strong>mss.</strong></span> <span class='ocrx_word' id='word_1_186' title='bbox 1242 2684 1450 2752; x_wconf 85' lang='lat' dir='ltr'><strong>¹omnes</strong></span> <span class='ocrx_word' id='word_1_187' title='bbox 1492 2666 1732 2723; x_wconf 89' lang='lat' dir='ltr'><strong>omnino</strong></span> <span class='ocrx_word' id='word_1_188' title='bbox 1777 2667 1940 2725; x_wconf 84' lang='lat' dir='ltr'><strong>tituli</strong></span> <span class='ocrx_word' id='word_1_189' title='bbox 1983 2668 2227 2746; x_wconf 84' lang='lat' dir='ltr'><strong>desunt,</strong></span> <span class='ocrx_word' id='word_1_190' title='bbox 2286 2682 2347 2730; x_wconf 89' lang='lat' dir='ltr'><strong>et</strong></span> <span class='ocrx_word' id='word_1_191' title='bbox 2387 2670 2514 2731; x_wconf 88' lang='lat' dir='ltr'><strong>Da·-</strong></span> 
     </span>
     <span class='ocr_line' id='line_1_22' title="bbox 301 2784 2514 2869; baseline 0 -20"><span class='ocrx_word' id='word_1_192' title='bbox 301 2787 456 2849; x_wconf 58' lang='lat' dir='ltr'><strong>vidis</strong></span> <span class='ocrx_word' id='word_1_193' title='bbox 493 2799 720 2848; x_wconf 85' lang='lat' dir='ltr'><strong>tantum</strong></span> <span class='ocrx_word' id='word_1_194' title='bbox 762 2801 976 2843; x_wconf 85' lang='lat' dir='ltr'><strong>nomen</strong></span> <span class='ocrx_word' id='word_1_195' title='bbox 1011 2784 1370 2843; x_wconf 71' lang='lat' dir='ltr'><strong>carminibus</strong></span> <span class='ocrx_word' id='word_1_196' title='bbox 1413 2786 1760 2862; x_wconf 86' lang='lat' dir='ltr'><strong>inscriptum</strong></span> <span class='ocrx_word' id='word_1_197' title='bbox 1792 2794 1918 2861; x_wconf 90' lang='lat' dir='ltr'><strong>est,</strong></span> <span class='ocrx_word' id='word_1_198' title='bbox 1957 2787 2030 2844; x_wconf 89' lang='lat' dir='ltr'><strong>iis</strong></span> <span class='ocrx_word' id='word_1_199' title='bbox 2065 2807 2324 2866; x_wconf 88' lang='lat' dir='ltr'><strong>quoque,</strong></span> <span class='ocrx_word' id='word_1_200' title='bbox 2366 2809 2514 2869; x_wconf 75' lang='lat' dir='ltr'><strong>quae</strong></span> 
     </span>
     <span class='ocr_line' id='line_1_23' title="bbox 300 2873 2516 2986; baseline 0.003 -25"><span class='ocrx_word' id='word_1_201' title='bbox 300 2906 435 2964; x_wconf 84' lang='lat' dir='ltr'><strong>aliis</strong></span> <span class='ocrx_word' id='word_1_202' title='bbox 474 2901 664 2979; x_wconf 88' lang='lat' dir='ltr'><strong>poetis</strong></span> <span class='ocrx_word' id='word_1_203' title='bbox 703 2899 1040 2960; x_wconf 88' lang='lat' dir='ltr'><strong>tribuuntur</strong></span> <span class='ocrx_word' id='word_1_204' title='bbox 1080 2900 1143 2957; x_wconf 90' lang='lat' dir='ltr'><strong>in</strong></span> <span class='ocrx_word' id='word_1_205' title='bbox 1190 2900 1357 2959; x_wconf 88' lang='lat' dir='ltr'><strong>libris</strong></span> <span class='ocrx_word' id='word_1_206' title='bbox 1399 2899 1736 2976; x_wconf 78' lang='lat' dir='ltr'><strong>Hebraicis,</strong></span> <span class='ocrx_word' id='word_1_207' title='bbox 1793 2904 1947 2982; x_wconf 82' lang='lat' dir='ltr'><strong>quod</strong></span> <span class='ocrx_word' id='word_1_208' title='bbox 1980 2905 2049 2964; x_wconf 90' lang='lat' dir='ltr'><strong>de</strong></span> <span class='ocrx_word' id='word_1_209' title='bbox 2090 2907 2167 2963; x_wconf 88' lang='lat' dir='ltr'><strong>iis</strong></span> <span class='ocrx_word' id='word_1_210' title='bbox 2209 2873 2516 2986; x_wconf 78' lang='lat' dir='ltr'><strong>praecipue</strong></span> 
     </span>
     <span class='ocr_line' id='line_1_24' title="bbox 297 2993 2508 3094; baseline 0.004 -16"><span class='ocrx_word' id='word_1_211' title='bbox 297 3017 477 3078; x_wconf 82' lang='lat' dir='ltr'><strong>Codd.</strong></span> <span class='ocrx_word' id='word_1_212' title='bbox 522 3019 713 3093; x_wconf 79' lang='lat' dir='ltr'><strong>valet,</strong></span> <span class='ocrx_word' id='word_1_213' title='bbox 782 3018 885 3094; x_wconf 78' lang='lat' dir='ltr'><strong>qui</strong></span> <span class='ocrx_word' id='word_1_214' title='bbox 929 3005 1316 3076; x_wconf 80' lang='lat' dir='ltr'><strong>ecclesiastico</strong></span> <span class='ocrx_word' id='word_1_215' title='bbox 1366 3019 1503 3077; x_wconf 88' lang='lat' dir='ltr'><strong>usui</strong></span> <span class='ocrx_word' id='word_1_216' title='bbox 1546 3037 1582 3076; x_wconf 84' lang='lat' dir='ltr'><strong>a</strong></span> <span class='ocrx_word' id='word_1_217' title='bbox 1625 3020 1886 3078; x_wconf 86' lang='lat' dir='ltr'><strong>librariis</strong></span> <span class='ocrx_word' id='word_1_218' title='bbox 1930 3019 2208 3082; x_wconf 87' lang='lat' dir='ltr'><strong>destinati</strong></span> <span class='ocrx_word' id='word_1_219' title='bbox 2249 2993 2508 3087; x_wconf 79' lang='lat' dir='ltr'><strong>fuerunt.</strong></span> 
     </span>
     <span class='ocr_line' id='line_1_25' title="bbox 296 3109 2509 3213; baseline 0.003 -18"><span class='ocrx_word' id='word_1_220' title='bbox 296 3135 395 3195; x_wconf 84' lang='lat' dir='ltr'><strong>Ex</strong></span> <span class='ocrx_word' id='word_1_221' title='bbox 437 3137 644 3213; x_wconf 86' lang='lat' dir='ltr'><strong>quibus</strong></span> <span class='ocrx_word' id='word_1_222' title='bbox 689 3137 836 3193; x_wconf 88' lang='lat' dir='ltr'><strong>satis</strong></span> <span class='ocrx_word' id='word_1_223' title='bbox 894 3143 1087 3212; x_wconf 88' lang='lat' dir='ltr'><strong>patet,</strong></span> <span class='ocrx_word' id='word_1_224' title='bbox 1150 3152 1270 3193; x_wconf 91' lang='lat' dir='ltr'><strong>non</strong></span> <span class='ocrx_word' id='word_1_225' title='bbox 1320 3109 1546 3194; x_wconf 82' lang='lat' dir='ltr'><strong>tantam</strong></span> <span class='ocrx_word' id='word_1_226' title='bbox 1599 3137 2006 3196; x_wconf 75' lang='lat' dir='ltr'><strong>auctoritatem</strong></span> <span class='ocrx_word' id='word_1_227' title='bbox 2052 3139 2357 3201; x_wconf 72' lang='lat' dir='ltr'><strong>Hebraicis</strong></span> <span class='ocrx_word' id='word_1_228' title='bbox 2413 3146 2509 3201; x_wconf 85' lang='lat' dir='ltr'><strong>in·</strong></span> 
     </span>
     <span class='ocr_line' id='line_1_26' title="bbox 295 3225 2507 3331; baseline 0.002 -21"><span class='ocrx_word' id='word_1_229' title='bbox 295 3225 710 3328; x_wconf 70' lang='lat' dir='ltr'><strong>scriptionibus</strong></span> <span class='ocrx_word' id='word_1_230' title='bbox 751 3252 937 3330; x_wconf 83' lang='lat' dir='ltr'><strong>Syros</strong></span> <span class='ocrx_word' id='word_1_231' title='bbox 973 3252 1265 3329; x_wconf 84' lang='lat' dir='ltr'><strong>tribuisse,</strong></span> <span class='ocrx_word' id='word_1_232' title='bbox 1304 3262 1364 3310; x_wconf 86' lang='lat' dir='ltr'><strong>et</strong></span> <span class='ocrx_word' id='word_1_233' title='bbox 1409 3253 1683 3329; x_wconf 83' lang='lat' dir='ltr'><strong>cujusque</strong></span> <span class='ocrx_word' id='word_1_234' title='bbox 1717 3253 1964 3313; x_wconf 74' lang='lat' dir='ltr'><strong>arbitrio</strong></span> <span class='ocrx_word' id='word_1_235' title='bbox 1995 3227 2270 3317; x_wconf 80' lang='lat' dir='ltr'><strong>relictum</strong></span> <span class='ocrx_word' id='word_1_236' title='bbox 2301 3259 2507 3331; x_wconf 82' lang='lat' dir='ltr'><strong>fuisse,</strong></span> 
     </span>
     <span class='ocr_line' id='line_1_27' title="bbox 296 3359 2508 3447; baseline 0.003 -19"><span class='ocrx_word' id='word_1_237' title='bbox 296 3388 465 3447; x_wconf 86' lang='lat' dir='ltr'><strong>quem</strong></span> <span class='ocrx_word' id='word_1_238' title='bbox 497 3385 760 3443; x_wconf 88' lang='lat' dir='ltr'><strong>sensum,</strong></span> <span class='ocrx_word' id='word_1_239' title='bbox 815 3388 1096 3447; x_wconf 85' lang='lat' dir='ltr'><strong>quamque</strong></span> <span class='ocrx_word' id='word_1_240' title='bbox 1129 3369 1570 3446; x_wconf 73' lang='lat' dir='ltr'><strong>explicationem</strong></span> <span class='ocrx_word' id='word_1_241' title='bbox 1607 3371 1851 3427; x_wconf 84' lang='lat' dir='ltr'><strong>carmini</strong></span> <span class='ocrx_word' id='word_1_242' title='bbox 1886 3359 2317 3433; x_wconf 68' lang='lat' dir='ltr'><strong>accommodare</strong></span> <span class='ocrx_word' id='word_1_243' title='bbox 2347 3376 2508 3435; x_wconf 79' lang='lat' dir='ltr'><strong>velit.</strong></span> 
     </span>
     <span class='ocr_line' id='line_1_28' title="bbox 297 3485 2509 3565; baseline 0.003 -21"><span class='ocrx_word' id='word_1_244' title='bbox 297 3485 769 3546; x_wconf 69' lang='lat' dir='ltr'><strong>Tutonostrus</strong></span> <span class='ocrx_word' id='word_1_245' title='bbox 815 3504 937 3544; x_wconf 89' lang='lat' dir='ltr'><strong>non</strong></span> <span class='ocrx_word' id='word_1_246' title='bbox 970 3493 1174 3545; x_wconf 72' lang='lat' dir='ltr'><strong>&#39;omnes</strong></span> <span class='ocrx_word' id='word_1_247' title='bbox 1216 3485 1544 3560; x_wconf 86' lang='lat' dir='ltr'><strong>promiscue</strong></span> <span class='ocrx_word' id='word_1_248' title='bbox 1585 3486 1995 3563; x_wconf 86' lang='lat' dir='ltr'><strong>inscriptiones</strong></span> <span class='ocrx_word' id='word_1_249' title='bbox 2037 3492 2284 3565; x_wconf 86' lang='lat' dir='ltr'><strong>accipit,</strong></span> <span class='ocrx_word' id='word_1_250' title='bbox 2343 3502 2412 3551; x_wconf 89' lang='lat' dir='ltr'><strong>ut</strong></span> <span class='ocrx_word' id='word_1_251' title='bbox 2441 3495 2509 3551; x_wconf 81' lang='lat' dir='ltr'><strong>iu</strong></span> 
     </span>
     <span class='ocr_line' id='line_1_29' title="bbox 298 3599 2508 3682; baseline 0.003 -20"><span class='ocrx_word' id='word_1_252' title='bbox 298 3602 536 3663; x_wconf 86' lang='lat' dir='ltr'><strong>Graecis</strong></span> <span class='ocrx_word' id='word_1_253' title='bbox 565 3612 625 3661; x_wconf 89' lang='lat' dir='ltr'><strong>et</strong></span> <span class='ocrx_word' id='word_1_254' title='bbox 646 3602 949 3664; x_wconf 87' lang='lat' dir='ltr'><strong>Hebraicis</strong></span> <span class='ocrx_word' id='word_1_255' title='bbox 979 3599 1151 3678; x_wconf 78' lang='lat' dir='ltr'><strong>libris</strong></span> <span class='ocrx_word' id='word_1_256' title='bbox 1175 3603 1469 3682; x_wconf 77' lang='lat' dir='ltr'><strong>leguntur,</strong></span> <span class='ocrx_word' id='word_1_257' title='bbox 1496 3601 1595 3660; x_wconf 86' lang='lat' dir='ltr'><strong>sed</strong></span> <span class='ocrx_word' id='word_1_258' title='bbox 1620 3604 1800 3679; x_wconf 89' lang='lat' dir='ltr'><strong>probe</strong></span> <span class='ocrx_word' id='word_1_259' title='bbox 1823 3604 2076 3665; x_wconf 76' lang='lat' dir='ltr'><strong>Graecas</strong></span> <span class='ocrx_word' id='word_1_260' title='bbox 2105 3607 2176 3666; x_wconf 91' lang='lat' dir='ltr'><strong>ab</strong></span> <span class='ocrx_word' id='word_1_261' title='bbox 2204 3606 2508 3669; x_wconf 83' lang='lat' dir='ltr'><strong>Hebraicis</strong></span> 
     </span>
     <span class='ocr_line' id='line_1_30' title="bbox 297 3709 2508 3804; baseline 0.003 -25"><span class='ocrx_word' id='word_1_262' title='bbox 297 3719 591 3794; x_wconf 88' lang='lat' dir='ltr'><strong>discernit,</strong></span> <span class='ocrx_word' id='word_1_263' title='bbox 632 3721 873 3798; x_wconf 81' lang='lat' dir='ltr'><strong>illasque</strong></span> <span class='ocrx_word' id='word_1_264' title='bbox 913 3730 1186 3797; x_wconf 85' lang='lat' dir='ltr'><strong>tanquam</strong></span> <span class='ocrx_word' id='word_1_265' title='bbox 1218 3709 1445 3795; x_wconf 88' lang='lat' dir='ltr'><strong>spurias</strong></span> <span class='ocrx_word' id='word_1_266' title='bbox 1486 3728 1547 3777; x_wconf 90' lang='lat' dir='ltr'><strong>et</strong></span> <span class='ocrx_word' id='word_1_267' title='bbox 1587 3720 1945 3784; x_wconf 84' lang='lat' dir='ltr'><strong>adulterinas</strong></span> <span class='ocrx_word' id='word_1_268' title='bbox 1988 3725 2211 3799; x_wconf 78' lang='lat' dir='ltr'><strong>rejicit,</strong></span> <span class='ocrx_word' id='word_1_269' title='bbox 2254 3742 2403 3804; x_wconf 85' lang='lat' dir='ltr'><strong>quae</strong></span> <span class='ocrx_word' id='word_1_270' title='bbox 2439 3731 2508 3786; x_wconf 93' lang='lat' dir='ltr'><strong>in</strong></span> 
     </span>
     <span class='ocr_line' id='line_1_31' title="bbox 298 3815 2504 3914; baseline 0.004 -20"><span class='ocrx_word' id='word_1_271' title='bbox 298 3834 537 3894; x_wconf 82' lang='lat' dir='ltr'><strong>Graecis</strong></span> <span class='ocrx_word' id='word_1_272' title='bbox 562 3844 789 3896; x_wconf 88' lang='lat' dir='ltr'><strong>tantum</strong></span> <span class='ocrx_word' id='word_1_273' title='bbox 817 3834 1216 3910; x_wconf 78' lang='lat' dir='ltr'><strong>inveniuntur,</strong></span> <span class='ocrx_word' id='word_1_274' title='bbox 1239 3837 1311 3896; x_wconf 88' lang='lat' dir='ltr'><strong>ab</strong></span> <span class='ocrx_word' id='word_1_275' title='bbox 1326 3834 1630 3894; x_wconf 85' lang='lat' dir='ltr'><strong>Hebraicis</strong></span> <span class='ocrx_word' id='word_1_276' title='bbox 1654 3857 1793 3897; x_wconf 82' lang='lat' dir='ltr'><strong>vero</strong></span> <span class='ocrx_word' id='word_1_277' title='bbox 1821 3815 2249 3914; x_wconf 77' lang='lat' dir='ltr'><strong>exemplaribus</strong></span> <span class='ocrx_word' id='word_1_278' title='bbox 2275 3843 2504 3903; x_wconf 85' lang='lat' dir='ltr'><strong>absunt.</strong></span> 
     </span>
     <span class='ocr_line' id='line_1_32' title="bbox 295 3950 2506 4040; baseline 0.004 -29"><span class='ocrx_word' id='word_1_279' title='bbox 295 3952 382 4012; x_wconf 79' lang='lat' dir='ltr'><strong>Ac</strong></span> <span class='ocrx_word' id='word_1_280' title='bbox 412 3950 769 4011; x_wconf 84' lang='lat' dir='ltr'><strong>Theodoreti</strong></span> <span class='ocrx_word' id='word_1_281' title='bbox 807 3955 1034 4032; x_wconf 87' lang='lat' dir='ltr'><strong>quidem</strong></span> <span class='ocrx_word' id='word_1_282' title='bbox 1068 3955 1319 4035; x_wconf 79' lang='lat' dir='ltr'><strong>vestigia</strong></span> <span class='ocrx_word' id='word_1_283' title='bbox 1354 3956 1610 4032; x_wconf 84' lang='lat' dir='ltr'><strong>plerique</strong></span> <span class='ocrx_word' id='word_1_284' title='bbox 1646 3974 1721 4013; x_wconf 80' lang='lat' dir='ltr'><strong>ex</strong></span> <span class='ocrx_word' id='word_1_285' title='bbox 1763 3959 1984 4036; x_wconf 85' lang='lat' dir='ltr'><strong>nostris</strong></span> <span class='ocrx_word' id='word_1_286' title='bbox 2014 3954 2331 4040; x_wconf 76' lang='lat' dir='ltr'><strong>Theologis</strong></span> <span class='ocrx_word' id='word_1_287' title='bbox 2365 3963 2506 4019; x_wconf 79' lang='lat' dir='ltr'><strong>olim</strong></span> 
     </span>
     <span class='ocr_line' id='line_1_33' title="bbox 300 4068 2507 4160; baseline 0.006 -34"><span class='ocrx_word' id='word_1_288' title='bbox 300 4070 484 4128; x_wconf 85' lang='lat' dir='ltr'><strong>secuti</strong></span> <span class='ocrx_word' id='word_1_289' title='bbox 513 4071 680 4143; x_wconf 83' lang='lat' dir='ltr'><strong>sunt,</strong></span> <span class='ocrx_word' id='word_1_290' title='bbox 721 4089 795 4130; x_wconf 85' lang='lat' dir='ltr'><strong>ex</strong></span> <span class='ocrx_word' id='word_1_291' title='bbox 838 4071 1243 4148; x_wconf 75' lang='lat' dir='ltr'><strong>praejudicatis</strong></span> <span class='ocrx_word' id='word_1_292' title='bbox 1285 4070 1405 4128; x_wconf 89' lang='lat' dir='ltr'><strong>illis</strong></span> <span class='ocrx_word' id='word_1_293' title='bbox 1448 4071 1517 4129; x_wconf 90' lang='lat' dir='ltr'><strong>de</strong></span> <span class='ocrx_word' id='word_1_294' title='bbox 1549 4072 1831 4129; x_wconf 83' lang='lat' dir='ltr'><strong>librorum</strong></span> <span class='ocrx_word' id='word_1_295' title='bbox 1869 4068 2367 4160; x_wconf 74' lang='lat' dir='ltr'><strong>Hebraicorum&#39;</strong></span> <span class='ocrx_word' id='word_1_296' title='bbox 2327 4097 2507 4158; x_wconf 67' lang='lat' dir='ltr'><strong>aspa-</strong></span> 
     </span>
     <span class='ocr_line' id='line_1_34' title="bbox 298 4152 2503 4269; baseline 0.003 -24"><span class='ocrx_word' id='word_1_297' title='bbox 298 4185 441 4269; x_wconf 79' lang='grc' dir='ltr'><strong>βεία</strong></span> <span class='ocrx_word' id='word_1_298' title='bbox 481 4195 539 4244; x_wconf 87' lang='lat' dir='ltr'><strong>et</strong></span> <span class='ocrx_word' id='word_1_299' title='bbox 579 4185 920 4267; x_wconf 77' lang='lat' dir='ltr'><strong>integritate</strong></span> <span class='ocrx_word' id='word_1_300' title='bbox 956 4187 1345 4266; x_wconf 83' lang='lat' dir='ltr'><strong>opinionibus.</strong></span> <span class='ocrx_word' id='word_1_301' title='bbox 1429 4187 1512 4246; x_wconf 90' lang='lat' dir='ltr'><strong>Ut</strong></span> <span class='ocrx_word' id='word_1_302' title='bbox 1554 4190 1708 4247; x_wconf 87' lang='lat' dir='ltr'><strong>enim</strong></span> <span class='ocrx_word' id='word_1_303' title='bbox 1747 4206 1780 4244; x_wconf 90' lang='lat' dir='ltr'><strong>e</strong></span> <span class='ocrx_word' id='word_1_304' title='bbox 1817 4152 2059 4246; x_wconf 82' lang='lat' dir='ltr'><strong>Graecis</strong></span> <span class='ocrx_word' id='word_1_305' title='bbox 2101 4187 2315 4249; x_wconf 88' lang='lat' dir='ltr'><strong>mul&#39;tae</strong></span> <span class='ocrx_word' id='word_1_306' title='bbox 2353 4210 2390 4247; x_wconf 87' lang='lat' dir='ltr'><strong>a</strong></span> <span class='ocrx_word' id='word_1_307' title='bbox 2426 4195 2503 4252; x_wconf 88' lang='lat' dir='ltr'><strong>li-</strong></span> 
     </span>
     <span class='ocr_line' id='line_1_35' title="bbox 302 4303 2504 4412; baseline 0.003 -51"><span class='ocrx_word' id='word_1_308' title='bbox 302 4303 515 4362; x_wconf 85' lang='lat' dir='ltr'><strong>brariis</strong></span> <span class='ocrx_word' id='word_1_309' title='bbox 578 4311 636 4363; x_wconf 87' lang='lat' dir='ltr'><strong>et</strong></span> <span class='ocrx_word' id='word_1_310' title='bbox 679 4305 1090 4384; x_wconf 73' lang='lat' dir='ltr'><strong>interpretibus</strong></span> <span class='ocrx_word' id='word_1_311' title='bbox 1138 4304 1367 4364; x_wconf 86' lang='lat' dir='ltr'><strong>additae</strong></span> <span class='ocrx_word' id='word_1_312' title='bbox 1411 4314 1582 4412; x_wconf 83' lang='lat' dir='ltr'><strong>sunt,</strong></span> <span class='ocrx_word' id='word_1_313' title='bbox 1647 4306 1734 4363; x_wconf 81' lang='lat' dir='ltr'><strong>ita</strong></span> <span class='ocrx_word' id='word_1_314' title='bbox 1792 4320 2056 4382; x_wconf 84' lang='lat' dir='ltr'><strong>quoque</strong></span> <span class='ocrx_word' id='word_1_315' title='bbox 2069 4322 2144 4365; x_wconf 83' lang='lat' dir='ltr'><strong>ex</strong></span> <span class='ocrx_word' id='word_1_316' title='bbox 2196 4303 2504 4368; x_wconf 87' lang='lat' dir='ltr'><strong>Hebraicis</strong></span> 
     </span>
    </p>
   </div>
  </div>
 </body>
</html>
