2747 4800
997 271 1138 392 ,¹²⁸²
1181 271 1301 357 60,
1352 272 1419 339 3.
1450 278 1515 339 4.
1978 301 1981 304 -
2218 273 2370 346 377

170 466 516 537 sequantur,
554 454 625 515 ad
657 455 1245 533 circumscriptionem
1268 458 1526 518 numinis
1552 461 1859 520 invocandi
1889 462 2057 521 docet
2082 459 2365 534 adhiberi,

171 545 284 605 hoc
309 560 519 600 sensu:
575 540 700 614 Tu,
742 543 844 617 qui
874 540 1064 601 adbuc
1097 559 1206 600 nos
1242 547 1582 623 castigasti,
1634 545 2030 605 nos'reficiasl
2114 545 2364 603 Verbum

170 642 282 716 πῃ
311 628 547 703 proprie
574 625 885 683 rancidum
909 643 1059 697 esse,
1095 624 1254 698 hine,
1280 626 1355 685 ad
1382 630 2031 703 animumtranslatum,
2067 630 2362 709 significat

169 717 357 783 ιἰἀηι,
396 710 900 789 ἰηάίςπαείοησω,
943 709 1166 782 odium,
1224 715 1559 787 praesertim
1605 733 1818 792 grave,
1872 717 2247 785 diuturnum,
2305 725 2365 772 et

170 801 579 856 inveteratum.
634 791 722 851 cf.
753 795 858 865 43,
887 794 947 850 2.
1006 796 1167 863 Quae
1192 795 1533 869 metaphora
1564 800 1626 856 in
1657 800 1789 856 aliis
1819 818 2045 877 quoque
2074 800 2362 875 pluribus,

170 882 434 953 eandem,
478 880 572 937 rel
603 879 851 935 similem
877 879 1175 936 notionem
1206 878 1566 955 habentibus,
1607 884 1819 956 verbis,
1856 902 1964 941 usu
1995 892 2225 958 recepta
2251 893 2360 940 est.

169 966 261 1025 lta
302 976 412 1053 333
452 979 806 1034 rancescere,
837 962 1124 1021 Arabibus
1154 962 1227 1019 ad
1258 962 1531 1023 affectum
1555 967 1907 1046 malignum,
1965 968 2101 1025 odia
2140 974 2201 1024 et
2241 969 2362 1025 iras

170 1050 542 1109 transfertur.
626 1047 729 1105 Sic
757 1048 943 1126 igitur
975 1056 1033 1105 et
1066 1045 1123 1104 h.
1154 1048 1190 1103 1.
1224 1060 1321 1127 ngr
1365 1063 1485 1106 non
1523 1053 1777 1109 multum·
1807 1052 2098 1112 diversum
2136 1053 2251 1110 erit
2287 1053 2360 1109 ab

173 1148 382 1226 ξηειξις,
415 1133 569 1211 quod
596 1131 859 1208 proxime
891 1133 1172 1207 sequitur·
1253 1117 1496 1225 ³:32qu
1529 1136 1645 1203 Qui
1676 1137 2024 1217 perrupisti
2058 1154 2188 1208 nos,
2226 1135 2281 1194 b.
2311 1154 2362 1194 e.

169 1218 328 1278 haud
360 1219 569 1276 leviter
604 1214 984 1288 concussisti,
1025 1233 1245 1291 nosque
1277 1227 1341 1274 ut
1376 1218 1527 1278 aries
1561 1237 1786 1278 murum
1822 1222 2171 1298 perrupisti,
2198 1219 2363 1290 ,haud

169 1303 458 1362 mediocri
487 1302 658 1360 ruina
683 1298 860 1364 facta.
887 1315 894 1324 ·
943 1299 1046 1360 Sic
1073 1302 1309 1361 verbum
1348 1310 1491 1389 γ’]ιξ
1520 1295 1590 1364 de'
1620 1303 1917 1364 murdrum
1942 1304 2365 1366 disturbatione

169 1397 492 1464 usurpatur
517 1384 592 1443 Ps
638 1383 854 1456 80‚13.
904 1386 1006 1456 84,
1034 1386 1142 1442 41.
1178 1384 1443 1458 colam,
1471 1390 1530 1448 5.
1569 1385 1682 1446 Jes.
1711 1386 1772 1462 ὅ,
1806 1388 1901 1463 5.,
1942 1407 2119 1468 quare
2151 1387 2290 1456 eth.
2323 1389 2365 1446 l.

170 1471 602 1534 Alexandrinus
642 1465 962 1541 καθεῖλες,
1002 1467 1316 1544 dejecisti,
1359 1474 1570 1548 posuit.
1654 1469 1743 1531 De
1777 1476 2038 1533 violenta
2075 1476 2366 1530 exercitus

172 1557 553 1633 dissipatione
585 1554 696 1613 hoc
727 1556 958 1618 verbum
987 1551 1203 1614 dicitur
1233 1556 1445 1622 2‚Sam.
1476 1556 1536 1629 5,
1568 1558 1669 1615 20.
1718 1559 1741 1615 l
1769 1556 1907 1620 Chr.
1940 1561 2037 1629 14,
2073 1560 2169 1616 11.
2239 1558 2365 1616 No-

171 1651 334 1699 tetur
364 1639 423 1698 h.
450 1642 489 1697 l.
520 1640 841 1718 asyndeton
860 1682 879 1715 ,
941 1653 1142 1726 Πῢξξ,
1175 1650 1459 1721 ηῡτηὲζῄΰ,
1499 1655 1747 1721 amna,
1796 1644 1950 1720 quod
1981 1639 2235 1718 emphasi
2266 1659 2366 1698 ca·

169 1743 305 1786 rere
334 1743 458 1784 non
487 1725 739 1797 videtur,
779 1708 1098 1799 quusn⁷u⁸>di
1129 1706 1452 1798 exemplum
1481 1710 1712 1801 31515',
1741 1730 1802 1785 9.
1844 1723 2013 1786 dixit
2053 1727 2320 1783 inimicus
2340 1741 2363 1784 .·

163 1828 529 1891 persequar,
570 1806 1030 1889 apprehendam,
1069 1810 1332 1869 dividam
1362 1801 1677 1890 praedam.¹
1759 1811 1891 1871 Jud.
1921 1811 1981 1884 5,
2009 1813 2113 1869 27.
2158 1811 2366 1867 incur-

141 1897 350 1952 'vavz't
392 1912 490 1968 se,
527 1892 780 1968 cecidit,
814 1892 1044 1966 jacuit.
1127 1895 1222 1954 Ex
1253 1896 1365 1967 iis,
1417 1913 1563 1971 quae
1593 1895 1705 1954 hoe
1736 1908 1794 1955 et
1823 1897 2194 1974 sequentibus
2223 1894 2367 1952 Ver-

171 1981 340 2038 sibus
373 1978 665 2051 dicuntur,
710 1981 1050 2057 interpretes
1085 1978 1204 2038 fere
1235 1981 1551 2057 colligunt,
1588 1979 2007 2052 Hadadezeris,
2050 1975 2206 2058 ,regis
2242 1980 2363 2036 Zo-

169 2064 408 2136 bensis,
463 2067 779 2123 exercitum
820 2066 1044 2143 insigni
1084 2066 1282 2142 aliqua
1323 2064 1522 2137 clade,
1573 2067 1684 2122 etsi
1717 2065 1884 2140 hujus
1913 2068 1998 2123 rei
2029 2068 2088 2122 in
2120 2064 2368 2122 historia

172 2167 299 2206 non
349 2149 419 2206 fit
458 2154 713 2224 mentio,
772 2148 1066 2210 Israelitas
1123 2147 1402 2208 affecisse.
1489 2149 1604 2208 Sed
1658 2150 1928 2208 videntur
1981 2150 2174 2227 potius
2229 2147 2368 2205 haee

167 2232 483 2293 referenda
509 2236 581 2294 ad
613 2236 843 2295 interna
868 2233 1051 2306 bella,
1106 2238 1351 2308 primum
1386 2252 1484 2310 per
1510 2231 1716 2293 hienae
1742 2254 1982 2315 regnum
2011 2235 2211 2305 Sauli,
2265 2231 2367 2309 qui

170 2320 570 2394 persequendo
598 2318 879 2379 Davidem
913 2320 1259 2378 factionibus
1288 2337 1533 2397 regnum
1563 2321 1887 2396 complevit,
1930 2319 2109 2376 donec
2139 2316 2371 2375 tandem

175 2423 387 2461 caesus
421 2422 458 2461 a
487 2404 888 2476 Philisthaeis,
944 2424 1071 2463 cum
1105 2422 1315 2485 magna
1349 2415 1544 2484 strage
1576 2406 1806 2482 populi,
1863 2416 1922 2462 et
1952 2406 2073 2481 ipse
2109 2404 2371 2473 sublatus

172 2487 317 2561 fuit,
365 2498 424 2546 et
452 2492 631 2563 multa
658 2494 827 2570 regni
857 2491 987 2547 loca
1015 2489 1207 2547 hostes
1239 2499 1619 2565 occuparent,
1658 2491 1833 2546 etiam
1861 2506 2072 2546 vacuas
2105 2488 2370 2545 civitates

172 2575 432 2646 multas,
482 2593 553 2632 ex
582 2576 788 2651 quibus
819 2576 1042 2632 incolae
1071 2573 1422 2655 diffugerant
1456 2572 1557 2645 (cf.
1594 2574 1619 2630 1
1644 2574 1799 2632 Sam.
1829 2574 1932 2645 31,
1959 2569 2064 2649 7.).
2147 2572 2370 2641 Quibus
2470 2604 2473 2605 ν

171 2657 458 2716 addamus
497 2668 626 2734 post
655 2671 897 2718 mortem
934 2659 1101 2717 Sauli
1135 2661 1496 2735 septennium
1525 2665 1710 2715 totum
1732 2695 1750 2727 ‚
1809 2677 1922 2734 quo
1959 2656 2226 2716 Hebrone
2265 2672 2371 2712 rex

172 2740 365 2799 Iudae
392 2742 507 2800 fuit
530 2741 743 2816 David,
786 2762 919 2803 nam
952 2744 1094 2800 illud
1119 2743 1296 2800 ferme
1327 2753 1517 2821 toturn
1546 2742 1709 2798 bellis
1745 2743 2014 2799 civilibus
2045 2760 2173 2797 cum
2203 2740 2373 2799 Sauli

172 2827 319 2885 filiis
351 2838 709 2887 consumtum
741 2828 885 2902 fuit3
933 2837 991 2883 et
1020 2827 1162 2884 dicit
1191 2828 1438 2885 historia
1465 2826 1679 2882 diserte
1721 2825 1792 2899 (2
1812 2826 1965 2883 Sam.
1998 2828 2059 2897 3,
2094 2822 2196 2899 1.),
2242 2825 2374 2880 lon·

175 2929 322 2990 gum
359 2912 568 2968 bellum
608 2912 786 2971 fuisse
824 2915 976 2971 inter
1007 2911 1235 2968 domum
1272 2909 1439 2969 Sauli
1470 2919 1527 2965 et
1557 2906 1874 2987 Davidem,
1931 2909 2112 2967 donec
2142 2906 2374 2964 tandem

175 2997 414 3054 sublato
455 2993 779 3068 isbosetbo,
836 2998 1077 3078 regnum
1118 2997 1291 3052 etiam
1323 2994 1555 3052 Israelis
1592 2991 1665 3049 ad
1700 3011 1829 3049 eum
1878 2992 2127 3049 delatum
2170 2986 2369 3047 fuerit.

173 3080 384 3153 Neque
421 3082 572 3137 enim
620 3082 855 3140 biennio
899 3091 1127 3139 tantum
1167 3095 1441 3159 regnasse
1480 3076 1808 3136 Isbosethus
1848 3078 2076 3134 videtur
2121 3073 2197 3155 (2
2218 3074 2375 3132 Sam.

173 3165 237 3234 2,
267 3163 417 3240 10.)‚
445 3162 562 3237 sed,
590 3177 657 3222 ut
689 3165 933 3225 Hebraei
965 3164 1439 3243 interpretantur,
1469 3180 1568 3239 per
1597 3162 1957 3233 septennium
1988 3160 2378 3218 Hebronicum

174 3248 433 3306 Davidis
467 3245 538 3325 (2
554 3250 709 3308 Sam.
738 3253 799 3323 2,
835 3247 991 3329 11.),
1057 3268 1230 3326 quum
1259 3265 1399 3306 mox
1438 3256 1568 3323 post
1603 3255 1843 3303 mortem
1880 3244 2159 3303 isbosethi
2187 3241 2381 3301 David

176 3352 293 3391 rex
322 3331 550 3391 {sraelis
578 3349 784 3394 unctus
813 3336 989 3395 fuerit
1021 3331 1091 3413 (2
1109 3333 1267 3392 Sam.
1301 3331 1362 3404 5,
1399 3333 1528 3388 1-
1546 3324 1653 3410 5.).
1736 3330 1824 3388 lta
1858 3331 2041 3409 igitur
2066 3348 2166 3404 per
2192 3320 2378 3384 annos

178 3419 502 3475 continuos
525 3437 730 3477 novem
758 3431 861 3479 aut
885 3422 1117 3478 circiter
1145 3417 1310 3475 valde
1338 3417 1674 3473 calamitosa
1698 3412 1815 3470 fuit
1842 3424 2018 3486 terra,
2048 3422 2106 3469 et
2134 3428 2378 3491 regnum

176 3502 464 3574 lacerum,
497 3502 679 3561 donec
710 3508 815 3564 sub
849 3508 1019 3563 initia
1049 3502 1311 3578 occupati
1349 3500 1606 3558 universi
1635 3501 1821 3576 regni,
1848 3516 1883 3554 a
1908 3497 2159 3555 Davidls
2192 3499 2380 3555 victo-

178 3590 338 3658 riis,
401 3588 618 3645 rediret
659 3591 1074 3668 tranquillitas.
1141 3587 1334 3646 -Sicut
1373 3586 1560 3664 igitur
1594 3601 1839 3663 regnum
1880 3584 2119 3640 scissum
2165 3582 2385 3639 coaluit

181 3672 300 3728 sub
341 3670 602 3743 Davide,
659 3675 748 3731 ita
779 3675 969 3732 tribus
1007 3673 1209 3749 primis
1240 3669 1412 3746 hujus
1441 3667 1656 3725 Psalmi
1686 3666 1954 3726 Versibus
1988 3668 2105 3743 peti
2136 3666 2387 3737 videtur,

183 3766 257 3813 ut
290 3756 538 3813 vulnera
574 3759 748 3816 etiam
786 3767 845 3816 et
884 3758 1079 3817 hiatus
1120 3759 1243 3829 ejus
1281 3755 1624 3812 coalescant.
1708 3748 1803 3814 81³¹:
1844 3754 2054 3829 23512313
2096 3749 2386 3823 Refim'es,

182 3839 288 3896 vel
332 3839 520 3912 refice
562 3839 698 3917 (fut.
730 3862 836 3920 pro
869 3836 1099 3919 imper.)
1144 3856 1288 3911 nos,
1348 3836 1407 3894 h.
1437 3856 1485 3893 e.
1525 3854 1637 3893 nos
1666 3820 1850 3893 animi
1880 3831 2054 3893 velut'
2073 3836 2387 3912 deliquium

143 3926 144 3929 ’
183 3941 426 4000 passos,
473 3928 760 4004 mortique
788 3929 1121 4003 proximos,
1162 3925 1226 3980 in
1253 3926 1441 3980 vitam
1469 3920 1680 3992 reduc,
1719 3937 1893 3992 sana,
1932 3919 2216 3980 exhilara.
2302 3915 2392 3974 De

184 4008 372 4065 verbo
410 4008 534 4073 :wi
576 4013 837 4086 reverti,
904 4012 969 4069 in
1011 4010 1134 4068 Piel
1175 4006 1494 4078 reducere,
1559 4006 1684 4063 scil.
1722 4006 2032 4083 spiritum,
2086 4016 2389 4070 recreare,

189 4092 312 4150 vid.
355 4103 483 4151 not.
520 4095 599 4153 ad
639 4096 733 4156 Pa.
765 4099 870 4170 23,
902 4097 961 4155 3.

365 4263 432 4322 4.
520 4275 770 4359 qupgn,
829 4273 977 4351 γήμῃ
1036 4261 1326 4355 ἥκῃὶρξᾎη
1378 4256 1703 4323 latreum-e
1726 4238 1998 4335 feceras
2051 4267 2276 4314 terram
2334 4264 2394 4311 et

187 4341 507 4431 ¹39&er
548 4364 708 4425 eam,
753 4344 961 4431 'imago
1006 4343 1232 4423 poetica
1279 4345 1380 4427 (cf.
1408 4348 1515 4419 46,
1543 4349 1629 4430 4.)
1673 4365 1711 4404 a
1756 4362 1967 4426 niagno
2010 4354 2201 4400 terrae
2239 4349 2397 4395 motu
