2747 4800
930 261 1055 344 Pe.
1101 292 1266 364 107,
1317 242 1659 364 29-36,
1784 320 1785 325 κ
2180 303 2195 356 ’,
2240 279 2393 353 573

185 463 388 521 nautis
418 461 499 519 sit
531 461 885 534 terribilius,
935 478 1108 539 quam
1149 470 1283 537 post
1323 459 1637 537 procellam
1678 460 1914 521 omnino
1956 477 2161 526 ventos
2204 472 2394 529 conti-

187 565 446 619 cescere,
510 546 665 623 quod
703 547 1031 625 graviorem
1075 548 1383 623 procellam
1426 547 1751 625 praesagit,
1805 546 1975 624 quam
2019 553 2147 609 loca
2197 556 2223 609 1
2246 555 2394 635 Reg.

194 633 296 704 19,
325 633 418 690 12.
463 631 586 691 Job.
615 633 818 703 4‚16.‚
858 632 1066 708 quibus
1105 630 1253 687 lenis
1295 649 1484 687 aurae
1524 628 1759 688 sibilum
1795 633 2130 715 intelligere
2161 636 2394 718 flagitat
2466 624 2473 631 ³

188 727 518 775 contextus.
560 704 797 795 Virgilii
823 717 1016 775 verbis
1044 715 1234 774 dicere
1262 717 1577 792 possimus:
1607 726 1892 792 aequatae
1919 723 2159 796 spirant
2190 741 2395 782 aaran.

188 799 456 859 Ceterum
509 810 598 859 est
640 800 772 873 liic,
833 814 989 859 recte
1035 811 1304 859 monente
1346 798 1748 872 Schnurrero‚
1806 808 2162 865 constructio
2211 808 2395 881 verbi,

186 904 338 961 quae
380 904 705 966 praegnans
749 887 998 957 dicitur,
1053 902 1192 958 pro:
1253 880 1475 973 27⁷3qu-
1516 889 1730 971 ”192ss
1773 898 1950 974 »73:30
2002 897 2121 976 0322
2160 891 2397 955 secla-vit

185 980 616 1050 tempestatem,
656 988 892 1048 eamque
921 971 1225 1028 convertit
1255 971 1319 1027 in
1352 967 1582 1028 aaroni.
1668 966 1866 1055 ΟηΊξξ
1893 949 2144 1032 ffluotas
2173 974 2395 1051 eoram,

184 1073 265 1113 sc.
297 1057 546 1114 marium
584 1073 632 1112 s.
661 1074 961 1132 aquarum,
1003 1055 1097 1113 Vs.
1126 1056 1228 1113 24.

360 1158 460 1214 32.
546 1162 719 1248 imm
755 1156 924 1235 :uso
967 1148 1293 1214 consessas
1331 1155 1666 1228 seniorum,
1722 1166 1812 1215 est
1846 1157 2074 1232 forum,
2122 1170 2181 1219 et
2208 1161 2391 1236 locus,

186 1239 288 1299 ubi
321 1242 718 1320 magistratus,
758 1244 859 1318 qui
891 1259 965 1298 ex
996 1241 1322 1298 senioribus
1355 1241 1680 1315 constabat,
1725 1246 2121 1311 conveniebat,
2398 1238 2411 1245 ’

312 1355 320 1361 ’
359 1343 462 1399 33.
549 1337 758 1405 *inumb
815 1342 1016 1403 τήἾι-τΰ
1085 1345 1206 1421 sip*
1255 1339 1502 1414 Posuit,
1560 1341 1731 1416 fecit,
1790 1348 2079 1404 convertit
2118 1349 2398 1425 flamina,

189 1430 227 1488 i.
256 1447 308 1485 e.
355 1429 483 1485 loca
518 1405 828 1484 fluviordm
870 1405 1034 1502 aqu'i⁸s
1077 1409 1248 1485 antea
1289 1429 1486 1503 rigata
1529 1427 1592 1484 in
1635 1427 1949 1487 desertum.
2033 1432 2288 1490 Verbum
2334 1435 2398 1492 in

188 1514 391 1573 futuro
427 1514 698 1589 positum,
737 1518 896 1600 0292,
938 1510 994 1569 h.
1021 1512 1066 1568 l.
1098 1510 1495 1588 accipiendum
1527 1530 1650 1570 esse
1679 1512 1746 1573 de
1776 1518 2090 1592 praeterito
2121 1527 2396 1594 tempore,
2495 1516 2511 1541 ⁸

187 1608 346 1657 reete
376 1597 576 1655 docuit
602 1594 1000 1654 Schnurrerus
1034 1614 1309 1672 apparere
1339 1613 1536 1670 exeo,
1578 1598 1731 1673 quod
1764 1601 2043 1658 continuo
2073 1613 2398 1676 sequuntur

187 1683 421 1754 futura,
458 1699 626 1757 quae,
672 1680 1078 1756 praefixolvav
1109 1682 1484 1754 conversim,
1526 1684 1645 1739 vim
1674 1681 1889 1741 habent
1915 1688 2393 1761 praeteritorum3

191 1785 339 1846 quae
371 1776 511 1824 vero
541 1774 863 1841 sequuntur
893 1766 1024 1823 inde
1050 1766 1122 1822 ab
1157 1763 1266 1823 hoc
1291 1764 1477 1821 Versu
1513 1785 1694 1842 usque
1726 1768 1800 1825 ad
1833 1765 1926 1825 Vs.
1957 1771 2060 1829 42.
2097 1769 2400 1829 referenda

190 1870 316 1911 esse
346 1851 418 1908 ad
447 1850 769 1930 mirabilem
797 1849 961 1906 illam
995 1860 1185 1907 terrae
1215 1849 1490 1907 Iudaicae
1520 1854 1992 1925 conversionem,
2037 1871 2151 1931 qua
2181 1855 2399 1914 factum

191 1946 300 2007 est,
327 1945 395 1992 ut
421 1937 692 2011 primum,
722 1934 984 1994 deductis
1014 1936 1076 1992 in
1109 1933 1494 2010 Babyloniam
1520 1936 1749 2007 incolis,
1780 1948 1947 1994 vasta
1971 1952 2141 2015 atque
2175 1942 2402 1999 inculta

188 2023 646 2096 relinqueretur,
691 2018 995 2094 deinceps,
1035 2018 1280 2077 redditis
1310 2019 1572 2097 colonis,
1627 2039 1836 2078 novam
1867 2023 2072 2080 faciem
2103 2024 2395 2084 indueret.

191 2103 360 2162 Certe
405 2092 568 2161 locus
612 2103 723 2161 Jes.
755 2105 861 2176 4l,
900 2105 1159 2175 18.x19.‚
1211 2122 1284 2159 ex
1328 2122 1447 2179 quo
1484 2090 1687 2162 noster
1724 2105 1931 2164 ductus
1975 2126 2098 2166 esse
2143 2107 2398 2182 videtur,

190 2188 424 2247 nonnisi
453 2186 603 2245 hanc
637 2191 818 2264 ipsam
845 2206 966 2245 rem
999 2200 1256 2264 spectare
1287 2185 1607 2245 censendus
1639 2198 1743 2246 est.
1803 2188 1888 2248 Cf.
1917 2190 2187 2251 Chaldaei
2215 2195 2400 2252 inter-

186 2275 567 2352 pretationem
596 2270 694 2329 Vs.
728 2290 866 2349 seq..
908 2268 997 2330 De
1035 2274 1205 2361 &3572
1238 2273 1353 2330 vid.
1385 2270 1461 2330 ad
1491 2274 1595 2347 65,
1621 2274 1682 2332 9.

362 2374 463 2435 34.
545 2371 749 2433 Verbis
792 2375 1043 2452 propriis
1084 2375 1392 2447 enunciat,
1465 2393 1609 2452 quae
1648 2385 1817 2434 antea
1852 2356 2098 2454 figurate
2141 2377 2396 2437 dixerat.

186 2471 304 2523 ηἾΞ
351 2471 498 2547 γης
540 2457 791 2517 Tei-ram
819 2458 1114 2533 fructas,
1168 2461 1205 2516 i.
1238 2480 1287 2535 e.
1327 2460 1671 2517 foecundam
1713 2479 1781 2517 ac
1821 2461 2192 2541 frugiferam,
2245 2465 2400 2521 sicut

188 2529 307 2606 ‘¹59⁸
352 2529 449 2635 yx}
479 2528 669 2602 'arbor
698 2544 997 2617 fructas,
1055 2556 1146 2602 est
1185 2543 1526 2615 fructifera,
1581 2545 1731 2603 Gen.
1769 2546 1988 2618 l,11.;
2059 2546 2198 2606 &³:52
2244 2552 2395 2609 nim

183 2612 418 2713 pais-ua
450 2626 684 2701 herbae,
721 2627 980 2699 herbida,
1019 2630 1375 2707 graminosa,
1417 2626 1508 2683 Ps.
1537 2629 1640 2701 23,
1666 2631 1723 2685 2.
1769 2661 1855 2674 --
1895 2623 2131 2721 ”qb-35,
2163 2619 2240 2688 In
2275 2613 2397 2689 sat-⁸

190 2719 491 2793 saginem,
550 2715 593 2771 i.
628 2732 678 2771 e.
722 2715 786 2770 in
827 2711 1029 2770 falsam
1068 2722 1127 2769 et
1167 2712 1423 2769 sterilem
1463 2720 1676 2769 terram
1719 2715 2041 2783 convertit,
2105 2728 2171 2771 ut
2211 2734 2396 2792 neque

193 2807 511 2871 sereretur,
565 2817 669 2855 nec
705 2816 938 2877 germen
982 2797 1176 2854 ferret.
1261 2795 1430 2853 Sicut
1465 2806 1601 2871 post
1632 2799 1982 2855 eversionem
2017 2796 2305 2856 Sodomae
2337 2811 2397 2857 et

193 2881 554 2945 Gomorrhae
596 2901 669 2940 ex
716 2882 873 2940 terra
912 2880 1275 2938 fertilissima
1315 2889 1373 2936 et
1418 2883 1825 2938 amoenissima
1862 2880 2049 2938 faetus
2095 2891 2184 2939 est
2230 2882 2396 2940 lacus

191 2969 360 3041 salis,
401 2966 547 3025 Gen.
572 2967 667 3040 13,
690 2968 786 3023 10.
827 2966 926 3037 14,
951 2966 1009 3022 3.
1051 2965 1183 3022 coll.
1208 2961 1386 3020 Deut.
1402 2964 1507 3034 29,
1527 2959 1627 3021 22.
1669 2964 1821 3021 Plin.
1850 2962 2004 3021 Hist
2043 2964 2187 3023 Nae.
2217 2967 2394 3037 31,7.

197 3051 406 3114 Omnis
445 3052 628 3122 locus,
670 3053 732 3108 in
776 3066 888 3127 quo
928 3050 1238 3128 reperitur
1278 3048 1399 3119 sal,
1443 3049 1674 3107 sterilis
1713 3058 1829 3119 est,
1874 3038 2133 3127 nihilque
2172 3053 2398 3128 gignit.

192 3138 285 3198 cf.
321 3135 527 3216 Virgil.
558 3134 776 3212 Georg.
804 3135 866 3205 2,
892 3134 1035 3192 238.
1117 3133 1275 3192 Hinc
1311 3133 1444 3190 Jud.
1471 3134 1534 3205 9,
1560 3133 1662 3212 45.
1696 3135 1939 3214 legimus
1967 3134 2393 3194 Abimelechum
2446 3139 2453 3146 ‘

194 3220 427 3281 Sichem
467 3220 666 3278 urbem
703 3237 741 3276 a
780 3237 840 3275 se
877 3226 1273 3298 expugnatam
1308 3220 1437 3275 solo
1472 3237 1746 3295 aequasse
1777 3222 2009 3296 saleque
2047 3221 2396 3280 consevisse.

193 3306 333 3367 Fuit
374 3304 486 3365 hoc
523 3306 586 3362 in
623 3323 782 3361 more
818 3305 969 3380 apud
1003 3302 1258 3374 veteres,
1319 3312 1387 3359 ut
1427 3321 1554 3360 cum
1594 3305 1784 3361 locum
1828 3306 2077 3381 aliquem
2123 3305 2398 3363 damnare
2512 3313 2523 3320 “

189 3391 409 3451 vellent
446 3389 815 3460 solitudinis,
874 3407 943 3445 ac
986 3407 1225 3464 prorsus
1264 3384 1330 3444 in
1369 3390 1701 3460 vastitatem
1744 3388 2043 3468 redigere,
2103 3410 2233 3448 eum
2278 3392 2398 3448 sale

190 3483 659 3554 conspergerent.
742 3472 1092 3531 Chaldaeust
1145 3472 1393 3532 Terram
1433 3467 1873 3545 Israeliticam,
1934 3492 2083 3552 quae
2107 3475 2399 3547 fractam

176 3558 452 3636 ferebat,
493 3559 765 3616 vastavit
805 3559 966 3615 sicat
995 3556 1322 3630 Sodomam,
1363 3575 1512 3635 quae
1549 3576 1759 3616 eversa
1801 3567 1896 3617 est
1933 3568 2194 3637 propter
2231 3559 2402 3617 mali-

193 3645 346 3703 tiam
397 3642 800 3703 habitantium
854 3644 918 3700 in
970 3661 1061 3701 ea.
1145 3642 1248 3701 Sic
1285 3639 1383 3699 Vs.
1413 3641 1514 3700 35.
1568 3641 1818 3712 Quando
1870 3652 2071 3701 autem
2127 3644 2404 3704 conversi

193 3738 339 3790 sunt
388 3729 471 3788 ad
523 3729 732 3805 legem,
804 3729 1062 3786 mutavit
1107 3727 1402 3786 desertam
1445 3739 1556 3787 etc.
1642 3727 1722 3787 Et
1767 3727 1863 3786 Vs.
1903 3730 2007 3790 39.
2063 3725 2186 3788 Sed
2227 3747 2403 3807 qaum

177 3822 567 3896 peccassent,
604 3812 897 3872 imminuti
918 3812 1187 3886 fuerant
1225 3822 1335 3874 etc.
1887 3859 1893 3867 .
1952 3825 1961 3834 ·

368 3913 473 3974 35.
529 3908 880 4002 ῦξρ·ῦζι3ἰζ
914 3923 1084 4005 Ἷεῃλῖ
1129 3917 1250 3999 ΒΨ)
1288 3911 1602 3971 Convertit
1629 3913 2000 3975 solitudinem
2028 3916 2092 3975 in
2123 3924 2404 3994 stagnum

192 4001 364 4078 quasi
401 4009 462 4059 et
491 4001 782 4077 copiosam
815 3996 1226 4057 abundantiam
1267 3997 1575 4076 aquaram.
1622 3996 1720 4056 Cf.
1753 3999 1871 4059 Jes.
1900 4004 2007 4077 41,
2041 4004 2138 4060 18.
2222 4002 2406 4061 lntel-

191 4086 487 4165 ligendum
525 4083 637 4143 hoc
666 4083 735 4141 de
772 4093 927 4141 terra
959 4081 1310 4157 Israelitica,
1357 4102 1504 4159 quae
1536 4086 1746 4142 incolis
1781 4086 2059 4146 destituta
2094 4099 2153 4145 et
2188 4088 2408 4147 inculta

190 4189 399 4231 rursus
429 4170 503 4228 ad
534 4170 788 4246 priorem
819 4178 1033 4227 statum
1064 4169 1263 4239 rediit,
1307 4170 1516 4226 incolis
1546 4172 1817 4245 reversis,
1858 4172 1961 4230 Vs.
1989 4174 2090 4230 36.
2120 4192 2237 4250 seq.

363 4272 467 4332 36.
552 4277 745 4351 0³:925
794 4269 886 4333 ms
930 4268 1117 4350 πῶϋ]
1160 4265 1468 4327 Habitare
1492 4269 1702 4344 fecit,
1750 4274 2065 4333 collocavit
2105 4274 2235 4332 illic
2278 4293 2413 4334 esa-

187 4357 459 4432 rientes,
523 4341 789 4417 omnihiu
828 4337 1005 4417 vitae*
1029 4354 1343 4415 commodis
1387 4365 1560 4416 antea
1602 4356 1931 4420 destitutos.
2015 4372 2134 4438 ‘3³52
2190 4364 2425 4448 2:35221
