2747 4800
946 293 1067 361 Pe.
1123 309 1288 380 127,
1341 289 1592 354 3-5.
2223 286 2373 359 639

331 478 390 535 3.
477 481 624 566 0·an
672 477 831 570 ²723}
874 472 1042 569 ηξζξξ
1080 486 1216 558 ηξη
1246 474 1403 535 Ecce
1434 473 1736 535 hereditas
1771 472 1978 550 Jovae,
2019 476 2055 535 i.
2083 495 2132 535 e.
2165 495 2203 534 a
2224 473 2369 535 Jora

159 564 334 634 data,
379 564 663 638 peculium
698 582 735 620 a
765 562 892 624 Deo
923 581 1293 635 concessum,
1334 572 1473 619 sunt
1500 561 1693 619 liberi.
1777 562 2120 634 Genitivus,
2160 560 2371 633 Jnvae,

159 648 259 705 hic
293 664 409 703 non
446 663 878 725 possessorem,
923 646 1025 706 sed
1055 656 1358 705 auctorem
1397 644 1638 718 indicat,
1685 647 1972 723 quomodo
2004 656 2162 704 terra
2188 646 2370 704 lsrae-

156 734 326 790 litica
355 730 464 790 Ex.
494 732 591 805 16,
617 735 711 789 17.
747 732 1053 792 hereditas
1083 730 1222 806 Dei,
1263 735 1301 789 i.
1331 751 1379 790 e.
1412 731 1703 804 peculium
1733 730 2012 790 Israelitis
2042 748 2371 788 concessum

159 815 308 895 (vid.
349 816 486 875 Lev.
521 817 624 888 20,
654 819 757 876 24.
801 818 975 876 Dent.
1006 821 1067 889 3,
1102 819 1196 876 18.
1248 819 1358 890 12,
1390 813 1483 891 9.)
1526 816 1760 874 dicitur.
1847 814 2195 896 Significat,
2253 833 2372 871 non

159 903 342 958 solius
372 903 433 959 vi
459 911 706 961 naturae
739 904 1035 980 procreari
1066 903 1319 975 liberos,
1380 901 1480 959 sed
1521 918 1555 958 a
1590 898 1716 958 Deo
1746 902 2110 977 potissimum
2136 900 2373 956 contin-

159 1004 333 1065 gere,
394 1004 516 1044 non
559 1004 724 1044 secus
767 998 941 1064 atque
985 987 1276 1046 hereditas
1318 986 1518 1045 liberis
1563 1003 1598 1041 a
1642 986 1974 1061 parentibus
2021 985 2374 1060 relinquitur
2442 1000 2449 1005 ·

157 1070 376 1147 absque
404 1072 524 1129 ullo
548 1071 782 1131 illorum
811 1074 1025 1132 labore.
1065 1072 1134 1131 In
1158 1075 1343 1131 altero
1373 1069 1739 1128 hemistiohio
1766 1079 1901 1148 post
1924 1074 2069 1158 ³³39
2098 1077 2186 1126 est
2214 1070 2372 1154 re‘2n7

154 1153 650 1215 subaudiendum:
714 1156 835 1215 Dei
873 1175 1095 1216 merces
1147 1174 1196 1215 s.
1241 1156 1597 1231 praemium,
1657 1156 1696 1212 i.
1731 1175 1785 1213 e.
1831 1154 2044 1212 donum
2088 1162 2176 1211 est
2219 1157 2376 1210 uteri

154 1236 544 1297 foecunditas.
623 1238 951 1301 Chaldaeus
983 1242 1139 1301 hunc
1161 1238 1410 1301 Versum
1443 1242 1531 1298 sie
1559 1239 1841 1299 reddidit:
1891 1256 2029 1297 ecce
2070 1236 2373 1296 hereditas

156 1320 403 1382 mainz·
428 1322 566 1398 filii
600 1327 798 1384 recti:
837 1345 1060 1386 meroes
1101 1344 1343 1406 opernm
1382 1324 1661 1383 bonorum
1687 1324 1817 1403 fllia·
1856 1323 2121 1382 ventris..

326 1451 391 1510 4.
476 1452 670 1521 Quum
700 1451 815 1514 Dei
849 1472 1058 1513 munus
1098 1471 1222 1512 esse
1264 1454 1512 1512 dixisset
1547 1452 1803 1510 sobolem
1847 1468 2168 1531 propagare
2204 1461 2376 1527 atque

160 1555 344 1620 genus
372 1539 704 1617 porrigere,
742 1529 869 1614 jam'
896 1539 1096 1611 docet,
1138 1548 1422 1616 quantum
1447 1538 1663 1596 bonum
1694 1539 1792 1609 sit,
1829 1537 1983 1595 filios
2012 1535 2191 1594 fortes
2220 1546 2371 1593 stre-

159 1640 421 1698 nuosque
458 1622 748 1683 educasse.
829 1621 1003 1682 Sicut
1039 1624 1306 1701 sagittae
1347 1624 1411 1679 in
1455 1640 1632 1680 manu
1663 1621 1906 1695 fortis,
1978 1620 2075 1677 ita
2106 1619 2239 1694 filii
2266 1617 2378 1692 ju-

161 1705 466 1779 veneutt‘s,
534 1707 742 1785 quihus
794 1710 1052 1786 plerique
1101 1725 1199 1764 eos
1258 1707 1449 1781 lilios,
1521 1708 1622 1783 qui
1670 1703 1893 1764 homini
1939 1703 2127 1762 adhuc
2176 1703 2376 1778 juveni

164 1801 519 1862 nascuntur,
585 1794 1000 1873 intelligendos
1049 1793 1435 1867 existimant,
1502 1801 1571 1849 ut
1610 1791 1757 1851 Gen.
1794 1788 1986 1864 37,”3.
2045 1794 2377 1879 num-‘13

147 1875 325 1950 filius
361 1878 704 1950 senectutis,
747 1890 836 1937 est
862 1876 1018 1935 filius
1042 1876 1197 1954 patri
1227 1879 1354 1934 seni
1389 1887 1581 1945 natus.
1645 1874 1842 1933 Filius
1874 1891 2012 1932 vero
2037 1871 2379 1944 juventutis

161 1960 274 2017 hoc
310 1959 442 2017 loco
483 1959 613 2017 ideo
652 1965 861 2021 volunt
897 1969 1412 2034 commemoratos,
1470 1970 1594 2018 tum
1634 1959 1789 2036 quod
1823 1958 1933 2016 filii
1976 1960 2036 2014 in
2071 1958 2375 2031 juventute

161 2046 346 2124 geniti
380 2044 739 2103 robustiores
775 2065 901 2103 esse
930 2046 1191 2117 soleant,
1247 2053 1449 2122 utpote
1480 2046 1698 2124 geniti,
1759 2059 1933 2120 quum
1969 2044 2060 2099 vis
2100 2042 2375 2120 genitalis
2472 2074 2476 2081 -

160 2127 347 2187 adhuc
379 2127 592 2185 fortior
618 2137 676 2187 et
698 2131 967 2209 vegetior
995 2140 1115 2202 est3
1173 2138 1299 2186 tum
1337 2132 1494 2206 quod
1532 2128 1864 2205 parentibus
1903 2127 2282 2206 grandiorum
2319 2134 2377 2182 et

158 2213 542 2290 provectioris
575 2216 785 2270 aetatis
823 2213 1133 2271 liberorum
1164 2231 1339 2289 opera
1370 2213 1536 2271 utilis
1580 2208 1661 2269 sit
1694 2212 1769 2270 ad
1812 2210 2196 2287 propulsanda
2224 2211 2379 2273 mala

164 2307 337 2373 atque
378 2298 770 2366 incommoda3
827 2314 1001 2373 quum
1036 2297 1137 2374 qui
1171 2296 1280 2354 filii
1307 2296 1533 2357 homini
1566 2299 1685 2372 jam
1718 2297 1841 2353 seni
1877 2305 2231 2365 nascuntur,
2272 2311 2373 2370 per

163 2390 408 2439 aetatem
451 2398 635 2456 neque
675 2383 957 2454 consilio,
1015 2400 1200 2459 neque
1243 2400 1418 2459 opera
1457 2398 1709 2459 unquam
1750 2379 1926 2439 utiles
1967 2397 2089 2437 esse
2131 2380 2371 2455 possint.

162 2466 292 2546 Ego
328 2475 521 2523 tamen
550 2469 702 2525 malo
733 2468 1077 2542 adstipulari
1106 2468 1216 2540 iis,
1258 2469 1360 2543 qni
1394 2476 1609 2560 offan?
1642 2484 1770 2524 ¹non
1803 2465 1876 2522 ad
1907 2474 2232 2541 parentum,
2272 2463 2375 2520 sed

163 2549 236 2608 ad
283 2550 596 2607 liberorum
640 2562 884 2610 aetatem
932 2550 1229 2623 referunt,
1287 2564 1391 2623 ut,
1455 2551 1931 2630 quemadmodum
1982 2547 2075 2606 Ps.
2118 2550 2228 2619 18,
2264 2545 2367 2610 45.

160 2643 464 2713 Ἶῦξ-’ΞΞ
502 2645 641 2693 sunt
675 2635 982 2708 extranei,
1025 2636 1129 2707 72,
1158 2639 1219 2693 4.
1262 2640 1611 2721 ἶνες-’ΞΣ
1649 2633 1852 2712 egeni,
1896 2646 1954 2691 et
1985 2632 2373 2705 coh.1o‚17.

166 2703 324 2800 ῦῆὴ
340 2702 478 2804 *333
514 2719 749 2792 nobilis,
792 2721 882 2776 ita
916 2716 974 2775 h.
1004 2721 1046 2776 l.
1088 2702 1506 2799 ΒἻΨΞΠἋΞΞ
1541 2699 1667 2796 ’fi'lii
1692 2718 2041 2791 juventutis
2076 2718 2199 2773 sint
2232 2717 2374 2774 ado-

165 2806 445 2862 lescentes
487 2821 534 2861 s.
568 2808 832 2880 juvenes.
913 2802 1083 2861 Sicut
1111 2785 1308 2860 anterii
1342 2806 1407 2862 in
1440 2786 1801 2878 praecedenti
1830 2801 2018 2861 Versu
2058 2807 2200 2887 0⁹33
2220 2799 2376 2873 filii,

166 2889 381 2947 liberos
411 2888 477 2945 in
508 2906 720 2967 genere
745 2886 1114 2967 significant,
1156 2885 1246 2942 ita
1275 2888 1339 2960 in
1370 2888 1661 2963 praesenti
1682 2885 1893 2959 filios,
1934 2885 1996 2943 id
2023 2893 2147 2956 est,
2186 2901 2375 2942 mares

166 2973 411 3046 liberos,
470 2970 827 3052 significari,
877 2972 1183 3046 sequeutia
1228 2969 1561 3030 ostendunt.
1648 2970 1814 3028 Vires
1858 2976 2051 3028 autem
2092 2978 2152 3025 et
2196 2969 2378 3027 robur

165 3057 489 3125 masculum
534 3075 665 3114 cum
713 3057 924 3115 robore
971 3055 1306 3135 sagittarii,
1373 3057 1783 3132 proceritatem
1831 3063 2050 3114 rectam
2098 3052 2378 3128 juvenum

163 3141 387 3199 viribus
421 3141 737 3210 valentium
770 3160 902 3200 cum
934 3140 1169 3221 sagittis
1196 3142 1496 3221 sagittarii
1525 3141 1699 3200 fortis
1728 3140 2054 3216 comparari
2086 3139 2381 3210 existimo,

139 3225 317 3284 ·tales
366 3227 518 3284 enim
563 3244 689 3284 esse
730 3228 980 3314 sagittas
1026 3235 1287 3300 oportet,
1359 3236 1636 3302 tanquam
1677 3225 1919 3284 hastilia
1957 3232 2118 3282 recta
2157 3231 2217 3281 et
2256 3240 2377 3279 nou

166 3306 407 3369 nodosa.
490 3308 761 3369 Ceterum
794 3312 989 3370 eadem
1022 3309 1162 3367 haec
1197 3310 1455 3370 filiorum
1499 3329 1629 3370 cum
1672 3309 1979 3369 hastilibus
2017 3306 2377 3385 comparatio

167 3393 454 3453 Arabibus
498 3398 674 3453 etiam
716 3395 1026 3455 familiaris
1064 3401 1169 3451 est.
1251 3396 1678 3456 Alexandrinus
1724 3396 1810 3452 sic
1856 3392 2136 3451 reddidit:
2192 3379 2377 3462 οὕτως
2478 3427 2487 3432 -

166 3478 231 3541 oi
274 3474 399 3539 vici
440 3473 559 3539 τῶν
597 3479 1116 3561 ἐκτετιναχμέτων,
1158 3490 1217 3537 et
1249 3480 1572 3561 Vulgatus:
1611 3482 1771 3539 sicut
1799 3478 1933 3552 filii
1972 3494 2377 3534 excussorum.

165 3561 382 3620 Vocem
411 3568 626 3643 nfiwz
660 3566 946 3642 interpres
978 3567 1081 3624 ille
1105 3584 1211 3642 pro
1243 3564 1557 3642 participio
1584 3564 1724 3624 Paul
1753 3563 1914 3624 verbi
1941 3571 2057 3623 Ἶζσ)
2088 3562 2381 3634 excussit,

169 3642 397 3702 habuit.
485 3628 778 3707 intellexit
811 3668 947 3710 vero
983 3649 1140 3709 haud
1172 3651 1340 3709 dubie
1380 3651 1559 3724 tales,
1616 3651 1720 3729 qui
1754 3630 2057 3728 plurimis*
2083 3647 2381 3704 aerumnis

169 3737 470 3792 vexantur
503 3727 598 3810 (οἱ
628 3724 867 3812 σφόδρα
904 3728 1488 3814 ταλαιπωρούμενοι,
1522 3744 1593 3792 ut
1624 3733 1837 3794 Suidas
1869 3731 2122 3810 explicat
2151 3731 2215 3788 in
2244 3747 2385 3788 voce

171 3810 295 3876 υἱοὶ
335 3811 550 3894 θεοῦ).
635 3816 846 3876 Verum
877 3818 1257 3898 Symmachus
1288 3831 1345 3878 et
1376 3818 1744 3878 Theodotion
1778 3817 1899 3881 υἱοὶ
1930 3808 2211 3899 τεότητος
2252 3816 2387 3874 red-

170 3898 463 3961 diderunt.
549 3900 738 3981 Syrus
769 3923 996 3983 quoque
1027 3904 1156 3980 filii
1183 3904 1533 3978 juventutis
1575 3903 1763 3963 habet.

343 4024 406 4087 ὅ.
491 4034 631 4115 mv?-
668 4061 743 4075 —·
773 4030 952 4112 Ἶφις,
987 4029 1219 4093 Beatus
1251 4033 1370 4106 ille,
1411 4033 1517 4110 qui
1543 4030 1805 4111 implevit
1833 4029 2192 4111 pharetram
2220 4020 2387 4086 mss

170 4110 337 4169 illis!
418 4112 471 4173 Ο
509 4115 770 4189 beatum,
821 4113 985 4191 cujus
1022 4118 1305 4176 familiam
1345 4127 1525 4197 auget
1562 4127 1621 4174 et
1662 4126 1836 4176 ornat
1867 4115 2024 4174 Deus
2057 4111 2387 4183 hoc-modo,

170 4205 241 4255 ut
267 4196 420 4255 filios
455 4199 605 4257 tales
637 4199 910 4277 pulchros
947 4211 1007 4260 et
1040 4202 1220 4261 fortes
1259 4202 1503 4276 habeat,
1564 4203 1777 4280 quibus
1814 4203 2146 4260 instruatur
2185 4197 2390 4255 domus

169 4281 312 4354 ejus.
383 4287 527 4366 ῦῒξζζ
551 4283 914 4345 referendum
946 4296 1037 4345 est
1067 4287 1141 4345 ad
1176 4293 1348 4368 ωιτη
1385 4285 1517 4362 (Vs.
1544 4284 1634 4362 4.)
1667 4284 1763 4345 Ιώ
1794 4285 2049 4367 sagittis,
2087 4285 2124 4343 i.
2151 4302 2202 4339 e.
2229 4281 2389 4339 filiis.

162 4360 514 4424 theran
557 4386 696 4428 vero
738 4381 911 4430 vocat
950 4371 1181 4432 domum
1197 4411 1220 4447 ,
1279 4390 1428 4452 quae
1452 4380 1550 4430 est
1580 4389 1780 4430 eorum
1810 4367 2273 4448 receptaculum,
2327 4366 2392 4420 iu
