2747 4800
745 331 871 399 Pe.
926 328 1090 418 138,
1143 324 1426 396 6-8.
1485 332 1604 401 Pa.
1654 328 1811 420 ¹39·
2040 368 2053 374 ·
2236 329 2385 403 667

172 521 377 573 notum
398 511 576 586 facit
608 517 832 590 procul,
868 534 969 591 per
997 515 1266 595 exempla
1287 532 1622 593 poenarum
1651 517 1714 573 in
1740 533 1870 573 enm
1897 516 2074 589 edita,
2098 518 2386 577 videlicet.

174 598 528 674 Pro'Hiphil
559 597 763 657 habuit
792 618 1017 676 quoque
1042 600 1307 673 Kimchi,
1354 603 1457 677 qui
1483 602 1569 658 sic
1595 599 1943 676 explicavit:
1986 621 2018 659 e
2045 603 2241 676 coelis,
2283 606 2387 680 qui

178 684 357 763 longe
405 701 442 740 a
486 692 645 741 terra
687 695 825 741 sunt
867 688 1113 759 remoti,
1172 687 1298 742 vias
1338 685 1635 743 hominum
1677 688 2012 762 cognoscit,
2068 695 2135 743 ut
2175 689 2386 759 sciant,

174 769 330 845 quod
360 769 483 843 ipse
517 768 708 825 videat
736 787 852 827 eos.
939 771 1062 828 Alii
1094 789 1169 828 ex
1196 767 1507 828 Hebraeis·
1553 780 1996 846 cognoscentem
2016 769 2220 843 facit,
2261 773 2300 828 i.
2331 791 2382 829 e.

173 854 424 932 castigat
468 860 527 909 et
569 852 774 928 plectit
816 852 1072 955 (erudit,
1113 848 1437 935 παιδεύει)
1520 851 1905 912 Praeferenda
1948 864 2141 912 tamen
2183 873 2384 914 corum

169 937 494 1009 sententia,
559 939 661 1012 qui
686 939 1061 997 intransitive
1085 949 1353 1014 vertunt,
1404 949 1471 997 ut
1501 940 1704 995 melius
1734 949 2021 1018 congruat
2053 935 2138 1017 τῷ
2178 949 2350 1030 πᾶΤ
2332 981 2386 1021 ο,

171 1019 537 1079 hemistichio
567 1022 795 1096 priore;
851 1025 964 1081 etsi
992 1026 1279 1111 rationem
1312 1022 1639 1083 anomaliae
1670 1040 1791 1079 non
1826 1025 2046 1081 valeam
2079 1004 2385 1101 explica’re.
2396 1067 2401 1072 -

172 1104 263 1162 ef.
296 1105 556 1171 Gnsmu
585 1102 804 1185 Lelirg.
843 1128 899 1185 p.
931 1109 1113 1183 390„
1163 1111 1260 1167 cui
1290 1118 1509 1184 puncta
1538 1107 1819 1165 vocalia
1800 1126 1867 1165 ιιι
1902 1121 2014 1190 532
1985 1120 2041 1152 ⁹
2084 1106 2385 1169 Chaldais-

173 1208 333 1249 mum
375 1208 575 1266 sapere
618 1192 906 1250 videntur.

343 1291 401 1351 7.
487 1301 606 1380 ’.γη
657 1287 845 1373 ”Quin
903 1294 1051 1383 ³:3³&
1107 1305 1202 1376 q&
1253 1288 1336 1376 bg
1380 1290 1579 1372 Super
1620 1292 1776 1350 iram
1817 1290 2076 1365 hostium
2116 1312 2390 1372 sueorum,

175 1375 216 1432 i.
250 1393 299 1433 e.
334 1374 399 1432 in
439 1354 636 1433 hostes
678 1396 836 1435 meos
875 1356 1129 1436 furiosos
1167 1360 1484 1454 (quomodo
1528 1378 1868 1456 captivitas
1875 1380 2117 1478 populi
2163 1381 2302 1453 126,
2327 1384 2387 1442 4.

173 1468 263 1517 est
304 1449 548 1536 populus
597 1459 890 1539 captivus)
939 1462 1275 1522 extendisti
1325 1480 1556 1526 manum
1603 1470 1801 1535 tuam,
1873 1457 1914 1521 i.
1957 1481 2009 1520 e.
2026 1466 2113 1530 fin
2156 1464 2385 1525 eosdem

170 1539 633 1601 animadvertisti
664 1548 945 1625 graviter,
978 1546 1312 1622 hujusmodi
1341 1549 1496 1604 enim
1524 1549 1852 1605 severitatis
1882 1547 2208 1624 symbolum
2237 1549 2399 1614 solet'

172 1646 297 1685 esse
339 1646 543 1690 manus
593 1632 891 1704 extensu),
952 1631 1070 1690 vid.
1091 1631 1328 1690 lSam.
1362 1632 1469 1704 24,
1498 1633 1556 1690 7.
1617 1630 1711 1690 Ps.
1756 1634 1853 1706 10,
1883 1634 1977 1691 12.
2033 1632 2164 1693 Job.
2198 1635 2255 1708 1,
2292 1627 2385 1696 12.

172 1713 368 1781 Quare
398 1709 720 1772 Chaldaeus
750 1716 944 1774 addit.
981 1724 1051 1772 ut
1080 1715 1355 1774 destruat
1385 1731 1504 1788 eos,
1544 1717 1663 1789 vel,
1693 1728 1759 1773 ut
1789 1719 1936 1775 iram
1962 1737 2183 1789 eorum,
2213 1738 2386 1796 quam

172 1799 422 1856 maxime
446 1795 611 1870 furit,
652 1797 921 1858 cohibeas
948 1809 1006 1857 et
1037 1817 1321 1874 coerceas,
1358 1798 1435 1856 cf.
1466 1801 1576 1865 Ex.
1601 1800 1818 1877 15,12.
1905 1800 2080 1875 Sunt,
2124 1804 2226 1879 qui
2261 1817 2386 1886 qq,

175 1899 401 1954 nasum,
434 1879 851 1958 synecdochice
889 1904 995 1961 pro
1025 1880 1193 1943 vultu
1234 1885 1502 1960 capiant,
1541 1885 1654 1946 hoc
1683 1905 1886 1944 sensu:
1943 1888 2008 1943 in
2038 1886 2243 1945 faciem
2278 1887 2385 1946 ho-

172 1966 349 2023 stium
378 1984 633 2025 meorum
670 1985 904 2028 manum
935 1980 1092 2027 tuam
1126 1969 1478 2044 extendisti,
1533 1982 1601 2029 ut
1641 1990 1768 2028 cam
1807 1974 2131 2062 percutias,
2189 1970 2385 2032 endem

171 2052 492 2123 sententia,
548 2071 695 2128 quae
731 2051 830 2113 Ps.
861 2054 923 2127 3,
956 2054 1017 2112 8.
1103 2050 1275 2121 Quod
1313 2057 1595 2128 sequitur,
1640 2055 1968 2150 ηξὶιρἢιι,
2020 2055 2208 2132 aliqui
2253 2065 2387 2138 post

170 2135 629 2194 Alexandrinum
661 2147 718 2194 ct
746 2136 1082 2239 Vulgatum‚
1123 2155 1229 2219 pro
1263 2138 1438 2195 tertia
1469 2137 1736 2196 feminini
1765 2157 2010 2216 persona
2051 2137 2140 2212 (ιιι
2170 2142 2274 2212 44,
2302 2136 2386 2220 7.)

172 2217 407 2292 habent,
442 2231 509 2278 ut
537 2222 876 2281 vertendum
908 2225 1019 2280 sitx
1060 2220 1283 2280 salvum
1325 2239 1415 2279 me
1439 2223 1621 2298 facit
1667 2221 1922 2288 dextera
1962 2232 2089 2282 tna.
2174 2222 2390 2286 Verum

175 2305 517 2363 concinnior
560 2306 794 2365 videtur
837 2304 1089 2365 secunda
1133 2308 1440 2363 masculini
1487 2324 1770 2383 persone,
1838 2309 1923 2364 ita
1967 2315 2034 2364 ut
2078 2311 2199 2366 tria
2246 2308 2388 2370 haec

175 2389 371 2461 verba,
418 2408 563 2465 quae
591 2390 654 2449 in
685 2389 797 2450 hoc
827 2391 1008 2453 Versu
1044 2400 1343 2468 ponuntur
1385 2386 1510 2472 (η
1494 2407 1649 2481 fita,
1697 2387 1944 2471 Πέιζὲη),
1986 2392 2183 2473 eodem
2210 2394 2389 2453 etism

85 2521 96 2531 .
176 2491 349 2535 sensu
390 2476 712 2550 capiantur.
799 2476 891 2536 lta
929 2497 1071 2538 vcro
1115 2483 1247 2533 ante
1285 2486 1388 2560 Ἰ),
1394 2488 1467 2535 72
1494 2456 1970 2540 subaudiendum
2008 2488 2097 2536 cst
2137 2491 2214 2552 a,
2265 2480 2389 2539 sive

175 2558 415 2617 ablativi
456 2571 619 2633 nota,
649 2571 734 2618 ut
775 2561 868 2620 Pa.
900 2564 1005 2636 60,
1029 2564 1091 2623 7.
1141 2561 1281 2633 108,
1311 2564 1368 2616 7.
1422 2543 1519 2639 ijs,
1549 2561 1650 2617 36.
2110 2582 2115 2593 J

346 2661 404 2718 8.
490 2673 643 2750 ’Ἶρι-ι
682 2665 837 2754 nm}
875 2663 1034 2723 *nn*
1063 2657 1220 2719 Jova
1247 2659 1534 2738 perficiet
1560 2679 1684 2739 pro
1715 2677 1824 2734 ms,
1863 2660 2137 2739 quicquid
2165 2664 2394 2724 scilicet

174 2744 312 2802 boni
342 2726 749 2822 perficient-ium
775 2727 986 2817 rests't,
1019 2728 1206 2816 circa,
1238 2753 1341 2800 aut
1370 2764 1476 2821 pro
1506 2764 1616 2802 me.
1669 2743 1755 2802 cf.
1784 2746 1858 2804 ad
1893 2744 1996 2820 57,
2014 2748 2078 2805 3.
2138 2749 2391 2807 Alexan-

175 2827 380 2897 drinus
418 2829 656 2887 verbum
693 2839 820 2890 *nm
864 2829 923 2887 Ιι.
954 2828 995 2884 1.
1038 2830 1289 2900 iterum,
1350 2837 1418 2885 ut
1448 2830 1578 2886 loco
1611 2829 1783 2887 modo
1821 2830 2111 2906 indicato,
2170 2836 2391 2911 accepit

174 2914 508 2993 significatu
541 2914 709 2972 verbi
750 2898 905 3004 hm,
955 2930 1002 2971 s.
1042 2910 1412 2970 retribuendi
1449 2915 1721 2971 notione:
1768 2908 2195 2980 ἀνταποδώσω
2234 2914 2391 3000 ὑπὲρ

180 2996 360 3076 ἐμοῦ,
420 2996 740 3079 Vulgatust
782 2983 1078 3056 retribuet
1110 3013 1234 3075 pro
1276 3014 1383 3054 me.
1467 3005 1613 3087 7¹52
1660 3003 1831 3089 ἤρθη
1872 2997 2082 3079 Opera
2119 3012 2391 3061 manuum

182 3091 452 3155 tuarum,
512 3083 553 3138 i.
585 3105 640 3142 e.
677 3084 954 3144 beneficis
994 3092 1131 3152 tua,
1189 3099 1336 3157 quac
1375 3061 1652 3140 haetenus
1682 3065 1846 3165 larga
1872 3084 2018 3143 mihi
2050 3084 2392 3148 concessisti

179 3187 353 3225 manu
384 3176 453 3231 ut
485 3168 588 3241 92,
617 3167 673 3226 ὅ.
759 3167 960 3247 Neque
986 3167 1140 3225 enim
1179 3169 1498 3246 generatim
1527 3166 1622 3225 hic
1656 3185 1975 3229 sermonem
2005 3190 2128 3231 esse
2158 3172 2228 3231 de
2258 3192 2394 3249 ope-

177 3253 338 3309 ribus
371 3249 487 3310 Dei
520 3254 890 3330 quibuslibet,
927 3263 992 3310 ut
1020 3253 1082 3323 8,
1110 3252 1167 3308 7.
1152 3289 1192 3326 .,
1233 3271 1435 3311 verum
1466 3251 1582 3309 dc
1566 3254 1660 3326 iis,
1704 3271 1850 3331 quae
1877 3256 1940 3312 in
1964 3259 2115 3315 vatis
2142 3260 2394 3337 gratiam

179 3335 454 3413 perfecit,
501 3357 593 3395 res
633 3331 800 3398 docet
837 3348 898 3396 et
934 3353 1140 3414 scopus
1173 3345 1394 3412 poetae·
1477 3347 1626 3423 ann
1640 3335 1780 3401 ’ἡκ
1821 3336 1909 3397 Ns
1947 3339 2222 3415 deseras,
2274 3345 2313 3401 i.
2343 3360 2392 3399 e.

180 3418 515 3496 imperfecta
550 3424 846 3501 relinquas
881 3423 976 3482 vel
1017 3421 1332 3493 destituas,
1378 3430 1445 3479 ut
1479 3401 1652 3480 Dent.
1678 3426 1738 3494 4,
1754 3405 1857 3481 13.
1901 3422 1999 3483 Ps.
2029 3429 2134 3502 37,
2159 3428 2254 3502 8,
2295 3425 2394 3485 sed

179 3504 654 3587 quemadmodum
692 3511 957 3593 coepisti,
994 3509 1082 3568 ita
1121 3507 1224 3564 illa
1262 3507 1529 3570 absolvas
1573 3518 1632 3566 et
1669 3507 1953 3589 perficias.

1125 3692 1246 3757 Ps
1304 3695 1444 3755 139.

356 3806 570 3871 Omnia
589 3816 792 3866 nostra
822 3826 859 3866 a
887 3807 1015 3868 Deo
1048 3811 1325 3893 cognosci
1354 3812 1734 3889 pronunciat,
1788 3830 1973 3890 neque
1997 3811 2137 3870 ullis
2171 3810 2395 3869 artibus

185 3911 293 3951 nos
332 3892 502 3950 illius
539 3894 658 3951 vim
700 3895 894 3952 omnia
933 3897 1221 3954 cernentis
1256 3895 1464 3955 fallere
1501 3913 1699 3974 posse;
1765 3916 1873 3955 nec
1912 3900 2161 3969 mirum,
2215 3914 2395 3971 quum

182 3981 283 4037 ille
313 3996 421 4036 nos
460 3979 633 4036 etism
671 3988 979 4056 antequam
1015 3998 1383 4039 nasceremur
1420 3980 1595 4057 probe
1631 3984 1827 4056 norit,
1882 3991 1941 4041 et
1968 3981 2164 4039 rudem
2205 3979 2397 4038 adhuc

185 4062 601 4140 informemque
636 4064 702 4121 in
740 4073 907 4122 utero
947 4052 1157 4123 matris
1193 4064 1412 4124 foetum
1445 4076 1715 4126 accurate
1749 4066 2121 4144 perspexerit.
2203 4064 2397 4134 Quum

186 4148 375 4227 igitur
406 4165 570 4221 eum,
627 4149 728 4226 qui
765 4150 845 4205 sit
886 4149 1155 4208 conditor
1187 4159 1421 4224 noster,
1471 4151 1625 4208 nihil
1661 4154 1845 4231 possit
1872 4154 2056 4209 ‘latere
2090 4151 2397 4227 quicquam

186 4249 416 4305 rerum,
454 4237 783 4306 actionum,
827 4235 1253 4313 cogitationum
1286 4245 1619 4294 nostrerum
1636 4279 1657 4312 ,
1706 4255 1889 4315 neque
1930 4237 2166 4312 cnlpae,
2216 4251 2411 4309 neque¹

189 4319 559 4376 innocentiae
591 4329 859 4388 nostrae3
913 4321 1057 4396 petit
1090 4330 1285 4393 vates,
1334 4329 1406 4378 ιιι
1432 4318 1591 4379 Deus
1625 4326 1889 4400 exploret
1921 4324 2111 4397 ipsum
2143 4327 2201 4375 et
2230 4319 2401 4374 inno-

194 4402 445 4461 centiam
484 4420 683 4478 suam,
737 4414 912 4483 atque
955 4415 1193 4484 propter
1236 4402 1390 4465 lianc
1427 4418 1731 4469 conservet
1767 4409 1994 4486 ipsum,
2051 4405 2223 4463 tollat
2263 4414 2402 4457 veto
