2747 4800
360 254 511 330 168
1125 262 1247 330 P..
1291 260 1408 345 25,
1461 260 1665 329 16—
1691 261 1806 329 18.

363 447 598 524 penitus
634 463 705 504 ao
745 408 1040 524 undique
1038 447 1424 522 constrictae,
1468 465 1559 506 me
1590 448 1779 525 ipsum
1813 445 2080 505 evolvere
2120 447 2292 525 plane
2324 467 2441 508 non
2474 469 2579 528 po-

367 533 623 598 missam.
667 528 798 590 .De
838 531 986 621 nain
1027 533 1146 590 vid.
1182 536 1244 605 9,
1281 535 1380 590 16.
1432 535 1534 606 10,
1566 534 1623 591 9.

547 640 642 696 16.
726 651 829 727 ἼΞΝ
869 671 954 683 -
997 651 1115 732 nge
1159 639 1418 719 Respice
1468 640 1551 699 ad
1594 660 1680 700 me
1736 640 1843 718 (ut
1882 643 2025 699 visis
2070 643 2238 717 quasi
2288 645 2576 701 aerumnis

369 726 536 796 meis,
579 745 646 782 eo
682 706 855 780 citius
889 724 963 782 ad
1000 707 1459 785 misericordiam
1495 725 1979 801 commovearis),
2023 736 2083 783 et
2127 726 2405 782 miserere
2446 732 2578 801 mei,

370 828 507 869 nam
541 809 877 909 solitarius,
920 811 990 868 ab
1021 812 1179 866 omni
1209 810 1460 869 humana
1492 832 1598 888 ope
1630 814 1961 882 destitutus,
2001 821 2060 868 et
2090 813 2268 868 miser
2301 829 2404 888 ego
2434 830 2578 896 sum,

368 895 640 952 maximis
671 891 901 973 affligor
933 895 1242 951 aerumnis.
1308 896 1579 954 Notanda
1613 899 2014 974 paronomasia
2045 898 2195 952 inter
2227 910 2323 956 729
2329 857 2414 952 0et
2442 911 2496 962 Ἴ·
2476 910 2577 987 ,Ν,

371 977 695 1061 cujusmodi
727 981 984 1057 exempla
1011 990 1150 1036 sunt
1182 977 1324 1040 Coh.
1351 985 1411 1055 7,
1450 985 1499 1039 1.
1530 982 1586 1038 6.
1631 981 1745 1040 Jer.
1772 983 1876 1053 48,
1904 982 2003 1038 43.
2046 980 2172 1039 Joel
2208 982 2264 1052 1,
2299 963 2393 1038 15.

550 1098 646 1156 17.
734 1093 885 1156 ⁵:225
943 1097 1114 1155 τιῆῆέτ
1168 1096 1508 1174 Angustiae
1566 1098 1768 1154 cordis
1824 1100 1962 1171 mei,
2007 1099 2405 1177 gravissimae
2449 1101 2578 1160 illae

369 1163 880 1259 perturbationes,
918 1196 1060 1258 quas
1103 1199 1203 1237 cor
1244 1202 1428 1239 meum
1474 1185 1658 1240 veluti
1701 1185 2019 1241 arctissime
2064 1201 2443 1258 compressum
2477 1199 2579 1241 ex·-

373 1269 634 1341 peritur,
697 1267 908 1340 partim
954 1282 1029 1320 cx
1089 1270 1474 1340 praesentium
1536 1285 1938 1324 aerumnarum
2000 1269 2334 1325 acutissimo
2383 1285 2572 1342 sensu,

371 1352 582 1427 partim
615 1368 688 1407 cx
725 1350 1146 1406 imminentium
1178 1351 1365 1407 adhuc
1394 1354 1675 1412 malorum
1710 1354 2046 1430 grmimmm
2076 1362 2249 1408 metu.
2315 1363 2455 1412 ’ΠΣ
2488 1362 2578 1410 est

372 1434 694 1511 augustea,
735 1436 968 1510 proprie
1001 1433 1180 1505 talis,
1214 1437 1314 1491 ubi
1351 1438 1564 1511 aliquis
1599 1439 1683 1493 ita
1722 1439 2168 1516 constringitur,
2211 1448 2277 1493 ut
2313 1420 2579 1495 libertate

372 1536 493 1577 non
536 1520 709 1577 modo
759 1521 1053 1594 privetur,
1108 1519 1208 1575 sed
1249 1521 1510 1577 elabendi
1565 1538 1789 1597 quoquc
1839 1522 2056 1578 nullam
2105 1523 2343 1579 omnino
2388 1523 2580 1579 videat

369 1605 597 1674 rimam.
684 1603 829 1661 Nam
876 1611 1028 1686 ἾἹΞ,
1071 1612 1128 1658 et
1174 1613 1298 1664 Ἶηέζ
1344 1604 1639 1682 significat
1683 1605 1912 1681 ligare,
1972 1606 2386 1683 comprimere,
2445 1625 2582 1663 con-

371 1689 710 1773 stringere,
771 1688 907 1744 item
962 1688 1210 1762 aliquem
1266 1690 1448 1745 veluti
1504 1708 1886 1765 compressum
1931 1689 2296 1748 vehementer
2341 1707 2582 1763 vexare,

371 1766 662 1849 quomodo
706 1772 854 1827 solet
895 1769 1083 1826 facere
1128 1768 1311 1828 hostis
1357 1774 1648 1832 civitatem
1692 1774 1996 1846 obsidens,
2056 1774 2161 1831 Ez.
2196 1779 2268 1847 4,
2306 1779 2365 1832 3.
2409 1773 2581 1832 Dent.

372 1858 609 1926 20,12.
648 1854 774 1914 Jud.
808 1854 995 1928 9,3Ι.
1042 1853 1130 1912 Cf.
1160 1854 1250 1912 Ps.
1280 1858 1340 1930 9,
1379 1859 1471 1915 10.
1545 1869 1785 1937 affirm-*f
1814 1858 1963 1915 haud
1998 1861 2162 1934 pauci
2195 1860 2581 1916 intransitive

368 1950 625 2005 vertunt.
710 1939 874 1998 Alex.
912 1931 1417 2022 ἕπληθῦνθησαι,
1462 1925 1893 2020 multiplicatae
1935 1952 2093 2000 sant.
2181 1943 2331 2000 Alii·
2388 1962 2581 2021 angu-

368 2026 516 2083 stiae
550 2022 744 2083 cordis
786 2043 944 2086 meae
978 2026 1139 2083 latae
1155 2066 1175 2098 ,
1221 2027 1261 2086 i.
1302 2047 1351 2084 e.
1400 2046 1643 2106 magnae
1684 2038 1838 2086 sunt.
1924 2029 2040 2087 Sed
2084 2030 2321 2086 verbum
2365 2039 2583 2109 :7121'722

369 2109 747 2168 intransitive
815 2112 1110 2187 accipere,
1190 2114 1429 2172 omnino
1487 2121 1774 2191 repugnat
1832 2114 2065 2190 linguae
2126 2115 2301 2188 usui3
2372 2110 2581 2188 ubique

373 2191 699 2250 transitive
740 2208 1077 2270 usurpatum
1118 2199 1420 2273 reperitur.
1506 2199 1697 2265 Quare
1741 2206 1798 2253 et
1840 2196 1896 2254 h.
1931 2201 1967 2254 l.
2010 2195 2343 2255 vertendum
2392 2206 2579 2258 esset·

369 2278 690 2352 angustiae
737 2276 1074 2337 dilatarunt
1120 2299 1227 2336 cor
1273 2300 1488 2355 meum,
1546 2280 1867 2338 dilatarunt
1902 2285 2067 2360 quasi
2104 2285 2291 2341 locum
2324 2300 2423 2338 seu
2462 2293 2583 2340 ter-

368 2362 591 2423 minum
629 2380 814 2421 suum.
901 2365 1060 2431 Quae
1093 2376 1282 2424 tamen
1312 2367 1601 2424 sententia
1634 2367 1869 2425 minime
1905 2369 2175 2445 congruit
2212 2365 2581 2426 hemistichia

367 2448 699 2545 posteriori.
786 2448 1018 2525 Optime
1052 2460 1255 2533 contra
1294 2450 1656 2509 hemistichia
1690 2453 1802 2508 sibi
1846 2453 2092 2509 invicem
2134 2452 2583 2530 respondebunt,

368 2530 454 2585 ita
506 2530 712 2588 divisis
767 2534 1043 2607 vocibus,
1111 2544 1180 2591 ut
1228 2536 1453 2594 literam
1507 2549 1532 2598 7
1589 2538 1652 2593 in
1693 2535 1806 2592 fine
1853 2537 2014 2594 verbi
2069 2548 2315 2627 72717'72'3
2357 2539 2583 2594 nomini

368 2615 739 2696 Ἴτιῆρικῖξη,
798 2619 949 2692 quod
1009 2621 1273 2694 proxime
1328 2623 1628 2697 sequitur,
1685 2614 2142 2697 praeponamus,
2210 2604 2313 2696 pio
2365 2630 2586 2712 :7177’3

364 2708 557 2765 autem
590 2696 1054 2778 stupet-alivum,
1096 2715 1347 2798 rma-t,
1395 2706 1797 2777 enunciemus,
1843 2707 1994 2763 unde
2026 2705 2119 2762 hic
2154 2698 2412 2781 prodibit
2446 2723 2583 2760 sen-

363 2797 495 2838 aus·
552 2782 747 2842 dilata
791 2786 993 2846 cordis
1035 2789 1149 2846 mei
1190 2772 1543 2866 angustias,
1587 2789 1629 2847 i.
1667 2809 1719 2846 c.
1755 2789 1997 2849 hilarem
2033 2801 2092 2847 et
2123 2793 2335 2846 laetum
2369 2788 2584 2847 reddas

362 2868 591 2924 tristem
620 2888 711 2924 me
741 2881 800 2928 et
831 2874 1088 2931 anxium.
1143 2871 1232 2931 De
1257 2873 1482 2951 gaudio
1512 2868 1595 2955 :²2
1620 2873 1754 2934 ΣΠἾ
1786 2877 2000 2933 dicitur
2031 2877 2209 2932 etiam
2240 2874 2350 2931 Jes.
2372 2876 2474 2945 60,
2496 2876 2584 2947 5.,

363 2960 537 3027 atquc
581 2948 660 3016 ab
701 2966 920 3035 ΒἼΠἾζι
964 2957 1031 3015 de
1074 2956 1517 3015 exhilaratione
1570 2959 1665 3018 Ps.
1701 2938 1855 3035 119,
1894 2961 1997 3016 32.
2083 2957 2169 3015 cf.
2215 2968 2275 3015 et
2328 2968 2451 3015 not·
2501 2958 2585 3017 ad

357 3026 454 3091 P..
483 3038 546 3108 4,
579 3038 636 3094 2.
720 3023 918 3098 Addit
934 3053 1131 3100 vates:
1178 3045 1439 3123 ἼπΝἼιιῆι-ἰ
1480 3045 1836 3136 7177377272727
1882 3044 1966 3101 Et
2007 3060 2038 3100 e
2073 3043 2389 3121 pressuris
2430 3030 2584 3101 ateio

357 3136 448 3176 me
478 3078 647 3194 educ,
690 3143 720 3180 e
755 3127 1025 3199 miseriis,
1057 3127 1201 3185 adeo
1215 3109 1419 3184 valide
1449 3147 1537 3183 me
1570 3111 2161 3199 circumvallantibus,
2204 3136 2270 3183 ut
2299 3128 2365 3185 de
2398 3127 2586 3183 liber-

356 3213 479 3262 tate
513 3210 902 3283 recuperanda
941 3210 1117 3269 ferme
1171 3214 1249 3268 sit
1289 3210 1433 3268 mihi
1476 3213 1907 3286 desperandum.
1994 3211 2309 3272 Descendit
2351 3222 2584 3303 ττΓμῑικὉ

356 3300 585 3389 ΒΡΞΙΞ,
630 3296 890 3364 arctari,
932 3308 1368 3395 usurpaturque
1388 3295 1456 3352 de
1485 3297 1700 3352 talibus
1734 3298 2162 3368 anxietatibus,
2206 3298 2403 3371 quales
2436 3308 2589 3353 sunt

358 3370 756 3440 stmelicorum
791 3397 860 3435 ac
889 3381 1319 3438 sitibundorum
1352 3382 1416 3436 in
1449 3379 1716 3453 deserto,
1769 3383 1870 3439 ubi
1906 3385 2037 3460 quis
2081 3382 2335 3456 inopiam
2376 3380 2585 3435 suble-

354 3473 498 3513 vare
542 3476 779 3533 prorsus
821 3467 1055 3540 nequit,
1100 3463 1193 3521 Ps.
1231 3466 1371 3536 107,
1405 3466 1502 3537 6.,
1544 3467 1681 3523 item
1712 3469 2109 3551 captivorum,
2150 3466 2288 3522 ibid.
2321 3463 2415 3521 V.s
2451 3463 2555 3520 13.
2540 3505 2589 3538 .,

353 3541 833 3604 moribundorum
865 3546 956 3604 Vs
995 3550 1111 3622 19.
1157 3547 1528 3627 naufragium
1561 3544 1961 3623 metuentium,
2006 3551 2103 3609 Vs.
2136 3552 2236 3609 28.

532 3652 627 3710 18.
716 3665 853 3735 ΗΝἾ
898 3654 1182 3732 Intuere,
1226 3660 1665 3727 commiserandi
1711 3670 1772 3719 et
1813 3661 2135 3737 opitulandi
2174 3654 2402 3729 animo,
2445 3656 2584 3718 vid.

352 3728 454 3789 Vs.
494 3735 585 3795 16.
669 3724 920 3800 Deducit
960 3753 1128 3820 poeta
1161 3741 1361 3801 Jovam
1394 3745 1625 3801 veluti
1609 3764 1668 3801 ιιι
1697 3765 1817 3804 rem
1847 3755 2233 3820 praesentem,
2279 3752 2376 3825 tlt,
2425 3742 2587 3817 quid

359 3834 552 3887 secum
583 3835 828 3904 agatur,
872 3845 990 3884 non
1020 3847 1120 3903 per
1150 3830 1395 3885 nuncios
1428 3828 1737 3887 resciscere
1771 3830 1870 3887 sed
1906 3832 2143 3907 ipsemet
2177 3828 2394 3884 intueri
2423 3828 2589 3886 velit:

351 3907 628 3980 propina,
683 3927 752 3969 ac
791 3913 960 3986 proin
1003 3911 1072 3970 de
1118 3915 1341 3971 auxilio
1379 3914 1499 3969 sibi
1529 3916 1813 3972 mittendo
1847 3917 2124 3995 cogitare·
2213 3906 2402 3999 Ἴέᾉξζ
2440 3923 2592 4001 ”³³-

351 3984 656 4053 Miseriam
702 4001 764 4048 et
812 3993 1065 4051 laborem
1099 4016 1303 4070 meum,
1341 3995 1397 4055 h.
1430 4017 1477 4055 e.
1506 3996 1801 4063 molestias
1835 4018 1902 4075 ac
1929 3980 2328 4065 lassitudinem
2359 4014 2589 4072 meam,

351 4069 488 4129 dum
524 4085 827 4153 tantopere
866 4080 971 4136 sub
1013 4097 1415 4140 aerumnarum
1443 4082 1714 4141 conflictu
1747 4084 2039 4164 defatigor
2071 4079 2246 4162 atque
2271 4082 2588 4155 absumor,

349 4155 540 4215 instar
571 4162 730 4233 ejus,
775 4164 902 4239 qui
915 4160 1224 4223 diuturnos
1264 4176 1324 4224 et
1361 4170 1738 4245 gravissimos
1780 4170 2102 4229 exantlavit
2144 4169 2403 4238 labores,
2448 4166 2588 4224 vid.

352 4240 413 4321 7,
451 4242 546 4298 17.
597 4245 696 4316 10,
728 4248 787 4303 7.
876 4245 1338 4341 mamert-²2:2⁷3
1382 4255 1511 4341 &7127
1543 4251 1628 4308 Et
1661 4253 1846 4326 aufer
1885 4255 2082 4311 omnia
2119 4259 2376 4331 peccata
2416 4268 2589 4324 mea,

345 4337 475 4412 §psa
521 4325 671 4401 inihi
717 4342 955 4408 peccata
1006 4314 1338 4401 condona.
1376 4316 1511 4400 Νιῖι)
1554 4334 1839 4411 abstulit,
1898 4338 1969 4396 de
2001 4337 2284 4419 peccatu
2326 4334 2592 4409 dictum,
