2747 4800
285 195 292 202 '
369 248 468 325 96
1175 253 1343 321 ,Pa
1392 248 1505 338 16,
1568 272 1627 317 ι.
1670 265 1739 315 2.

368 458 445 499 ex
474 430 824 498 Christianis
860 438 1035 517 longe
1073 438 1397 514 plerosque
1416 445 1643 495 tantum
1679 435 1869 494 valuit
1886 475 1906 505 ,
1963 442 2031 492 ut
2062 431 2334 494 Messium
2370 435 2437 494 in
2468 435 2585 498 boc

369 526 626 582 carmine
664 524 824 608 loqui
863 532 1223 596 statuerent,
1282 524 1383 599 qui
1414 525 1663 598 primum
1694 523 1757 577 in
1788 521 1994 592 malis,
2037 521 2244 594 quibus
2276 532 2583 602 urgeatur,

368 609 639 668 fiduciam
689 625 849 664 suam
902 609 966 664 in
1011 607 1213 664 divina
1250 608 1612 686 benignitate
1653 605 1964 681 repositam
2013 604 2297 678 declaret,
2328 606 2581 667 .deinde

369 692 497 771 (Vs.
521 698 582 752 4.
610 689 696 766 5.)
743 692 920 750 Jovae
952 692 1307 750 sacerdotem
1345 710 1407 747 se
1439 709 1563 747 esse
1604 689 1973 767 profiteatur,
2020 699 2080 745 et
2111 646 2354 765 denique
2387 709 2422 748 a
2452 691 2578 751 Deo

368 797 431 835 se
473 797 508 835 e
553 778 801 833 mortuis
840 783 1211 848 revocatum,
1265 792 1584 852 corpusque
1615 791 1783 831 suum
1820 790 1858 829 a
1890 775 2261 848 corruptione
2285 787 2581 836 servatum

367 863 447 920 iri
485 860 751 919 confidat.
835 861 997 929 Quae
1039 861 1447 939 interpretatio
1490 878 1610 916 non
1647 856 1819 919 modo
1859 856 1930 913 ab
1973 859 2259 916 orationis
2298 863 2578 937 poeticae,

366 946 726 1005 Ebraeorum
765 945 1084 1021 imprimis,
1140 944 1334 1003 indole
1378 954 1436 1001 et
1479 955 1693 1001 natura
1733 940 2039 1013 abhorret,
2085 942 2188 999 sed
2234 961 2305 1000 ne
2347 945 2580 1003 notioni

368 1031 597 1109 quidem
630 1026 909 1100 Messiae‚
968 1030 1189 1106 qualem
1215 1028 1423 1088 Judaei
1449 1027 1520 1084 ab
1553 1028 1710 1087 omni
1743 1037 1994 1100 tempore
2026 1026 2141 1082 sibi
2167 1027 2579 1103 informabant,

332 1121 339 1134 ‘
367 1113 700 1187 respondet.
784 1112 867 1170 Hi
897 1115 1050 1171 enim
1080 1113 1348 1173 Messiam
1378 1113 1489 1170 sibi
1522 1111 1773 1182 beroem,
1817 1112 2096 1168 victorem
2124 1129 2430 1190 regemque
2468 1131 2580 1187 po-

365 1200 792 1270 tentissimum,
832 1216 952 1256 non
983 1200 1375 1271 sacerdotem,
1415 1201 1510 1255 vel
1540 1196 1863 1266 hominem,
1910 1212 2037 1250 cum
2068 1196 2311 1253 adversa
2339 1196 2581 1256 fortuna

367 1285 681 1358 multisque
735 1284 1026 1340 aerumnis
1083 1283 1515 1341 conflictantem
1568 1280 1886 1360 fingebant.
1972 1269 2089 1337 Sed
2147 1282 2331 1338 multo
2366 1284 2579 1340 miuus

369 1367 608 1444 probari
647 1377 893 1440 possunt
924 1368 1049 1440 illi,
1110 1371 1211 1444 qui
1254 1367 1410 1426 hunc
1450 1377 1508 1425 et
1548 1368 1740 1443 plures
1782 1365 1929 1421 alios
1966 1360 2087 1421 Pss.
2123 1382 2296 1421 sensu
2339 1366 2582 1439 literali,

363 1461 571 1529 aperto
602 1460 662 1508 et
690 1450 992 1521 historico,
1035 1450 1104 1508 dc
1130 1451 1376 1524 Davide‚
1422 1452 1671 1526 mystico
1702 1469 1864 1520 vero,
1907 1450 2222 1524 allegorico
2252 1459 2309 1506 et
2340 1452 2578 1509 sublimi

365 1534 436 1594 de
467 1534 703 1594 Christo
734 1537 1048 1609 accipiunt.
1124 1537 1285 1605 Quae
1314 1534 1736 1611 interpretandi
1763 1536 1937 1604 ratio,
1979 1551 2092 1609 qua
2124 1550 2243 1590 una
2271 1535 2582 1611 eademque

365 1623 667 1694 oratione,
708 1620 928 1691 dispari
966 1637 1137 1676 sensu
1157 1630 1468 1692 [acceptas
1497 1621 1689 1692 plures
1720 1618 1892 1674 simul
1921 1627 2195 1688 eventus,
2253 1619 2579 1693 disjunctos

362 1715 655 1780 tempore,
693 1713 905 1761 natura
938 1700 1244 1761 dissimiles
1279 1703 1578 1781 designari
1614 1711 1937 1773 statuatur,
1980 1702 2052 1758 ab
2086 1703 2351 1760 omnibus
2381 1715 2582 1762 rectae

362 1787 793 1861 interpretandi
836 1789 984 1844 artis
1024 1791 1343 1866 praeceptis
1382 1789 1471 1845 ita
1506 1788 1696 1843 aliena
1730 1796 1848 1860 est,
1894 1795 1962 1843 ut
1998 1787 2099 1863 qui
2129 1786 2192 1842 in
2221 1786 2441 1845 Graeco
2468 1799 2581 1847 aut:

361 1870 628 1931 Romano
681 1873 875 1948 aliquo
918 1875 1205 1946 scriptore
1249 1871 1514 1930 adbiberi
1555 1871 1715 1928 illam
1763 1870 1939 1941 velit,
2005 1870 2058 1927 is
2103 1872 2168 1927 in
2215 1890 2582 1932 communem

362 1955 806 2031 prudentiorum
830 1955 1334 2029 reprehensionem
1361 1960 1700 2014 incurreret.
1785 1953 1957 2021 Quod
1990 1964 2182 2012 autem
2221 1957 2287 2012 in
2324 1958 2580 2016 aliorum.

360 2041 709 2116 scriptorum
756 2041 1231 2117 interpretatione
1272 2060 1469 2100 omnes
1509 2039 1917 2112 repudiarent,
1969 2036 2123 2096 idem
2167 2057 2271 2096 cur
2312 2042 2375 2097 in
2418 2044 2583 2100 sacri

360 2124 577 2182 codicis
607 2126 999 2199 explicatione
1026 2126 1383 2202 admittatur,
1433 2126 1597 2183 nulla
1621 2125 1832 2182 idonea
1861 2125 2113 2203 cogitari
2141 2134 2332 2197 potest
2355 2126 2528 2183 ratio.

536 2296 594 2353 1.
638 2295 702 2356 2.
783 2291 875 2352 De
923 2299 1110 2356 ianm:
1160 2293 1278 2355 vid.
1323 2293 1787 2371 Explicationem
1834 2290 2171 2351 Titulorum
2215 2292 2320 2351 sub
2369 2294 2457 2352 lit.
2507 2303 2577 2355 3.

359 2367 464 2442 '727
512 2376 718 2472 ’3Ἱ731ῤ
753 2361 1018 2438 Custodi
1036 2399 1143 2454 me,
1181 2377 1369 2452 Deus,
1412 2397 1545 2436 nam
1586 2378 1840 2457 confugi
1880 2377 1963 2436 ad
1997 2387 2072 2435 te.
2157 2377 2584 2459 Significanter

356 2460 477 2546 ὲκ,
521 2447 709 2542 quod
731 2461 971 2535 fortem
1032 2476 1235 2539 notat,
1303 2465 1536 2523 videtur
1584 2465 1857 2562 positum.
1942 2462 2117 2522 Ratio
2164 2466 2405 2522 tutelam
2454 2464 2583 2527 Dei

361 2550 569 2608 orandi
604 2559 661 2605 et
691 2551 975 2607 exorandi
1004 2551 1308 2624 subjicitur
1336 2548 1509 2606 haec.
1558 2548 1699 2627 quia
1742 2548 1826 2607 ad
1868 2557 1927 2605 te
1972 2547 2251 2626 confugi,
2296 2550 2433 2626 quia
2460 2563 2575 2609 tuo

358 2633 648 2707 praesidio
701 2635 890 2706 nitor,
949 2635 1014 2692 in
1065 2643 1120 2693 te
1167 2654 1324 2712 spem
1373 2652 1597 2691 omnem
1641 2635 1880 2709 conjeci.
1967 2633 2112 2701 Quis
2154 2644 2343 2691 autem
2380 2636 2577 2695 bonus

357 2715 585 2775 deserat
631 2735 763 2790 eos,
821 2720 922 2794 qui
962 2737 1099 2777 suae
1143 2738 1205 2776 se
1247 2719 1382 2777 fidei
1420 2715 1855 2777 commiserint?
1900 2749 1987 2762 -
2031 2719 2089 2773 2.
2135 2713 2333 2806 ΠἼῆἿξ
2378 2731 2580 2813 ΣἻἻ73ὲει

353 2799 596 2861 Dia-ista·
635 2805 853 2875 levae,
913 2802 1153 2861 subaud.
1198 2802 1354 2885 *252³
1394 2805 1595 2861 anima
1637 2821 1801 2877 mea,
1859 2823 1932 2861 ex
1978 2786 2266 2859 communi
2306 2787 2580 2881 interpp.

352 2884 563 2944 Hebrr.
565 2888 922 2960 sententia,
978 2889 1131 2966 quod
1168 2872 1317 2947 ideni
1353 2908 1482 2945 cum
1525 2890 1657 2947 illo.
1702 2907 1809 2966 ego
1856 2888 2009 2948 disi.
2092 2885 2349 2961 interpp.
2382 2890 2576 2965 Alex.,

350 2948 637 3049 Vulgatus
672 2982 730 3027 et
762 2971 950 3048 Syrus
985 2975 1228 3047 primam
1257 2989 1562 3047 personam
1595 2983 2024 3051 expresserunt,
2066 2988 2241 3047 quum
2269 2974 2577 3051 vulgatam

348 3056 654 3113 lectionem
691 3073 884 3128 presse
915 3060 1132 3115 imitari
1165 3077 1281 3116 non
1313 3068 1550 3132 possent
1580 3062 1707 3115 sine
1734 3075 1955 3114 summa
1986 3056 2357 3115 obscuritate.
2402 3058 2577 3117 Libri

346 3135 504 3196 haud
535 3141 734 3216 pauci,
774 3150 834 3197 et
866 3144 1070 3219 scripti
1108 3154 1166 3201 et
1194 3143 1369 3216 editi,
1415 3142 1688 3200 exhibent
1719 3155 1958 3204 ἾτιἿ73θι
2040 3140 2191 3198 Utra
2221 3160 2358 3199 vero
2391 3144 2575 3202 lectio

350 3223 430 3278 sit
464 3225 761 3301 antiquior
796 3228 980 3283 altera
1018 3236 1075 3284 et
1115 3218 1523 3304 praeferenda,
1577 3226 1730 3284 haud
1774 3209 2014 3284 obscure
2053 3225 2309 3305 intelligi
2353 3238 2574 3302 potest.

348 3305 458 3363 Est
491 3310 645 3364 enim
674 3309 767 3365 lex
802 3309 1038 3384 critica,
1079 3330 1216 3369 raro
1250 3312 1496 3383 fallens,
1542 3331 1573 3369 e
1602 3299 1821 3368 duabus
1854 3311 2200 3368 lectionibus
2233 3310 2575 3385 praeferen-

348 3388 479 3447 dam
520 3409 642 3447 esse
669 3410 834 3465 eam,
849 3448 852 3453 ,
893 3413 967 3452 ex
995 3413 1108 3473 qua
1142 3398 1384 3452 alterius
1421 3398 1590 3475 origo
1628 3396 2006 3471 probabiliter
2043 3395 2226 3471 possit
2267 3398 2572 3474 cognosci.

348 3470 482 3531 Jam
516 3494 654 3532 vero
688 3480 787 3553 qui
815 3478 1026 3536 factum
1056 3481 1166 3550 sit,
1227 3491 1292 3536 ut
1323 3477 1502 3535 dictio
1535 3490 1764 3542 ’ΠἾὉΝ
1805 3480 2171 3559 degenerarit
2212 3480 2274 3536 in
2316 3484 2572 3541 alteram

347 3568 582 3653 tavare,
640 3562 824 3619 niulto
866 3582 1004 3620 sane
1046 3563 1338 3622 duriorem
1379 3573 1439 3620 et
1479 3545 1892 3636 difficiliorem,
1945 3566 2046 3620 vix
2085 3565 2204 3619 ulla
2243 3565 2570 3640 probabilis

345 3662 519 3700 causa
523 3627 748 3702 afferri
782 3658 999 3722 potest:
1059 3650 1187 3724 quis
1234 3650 1386 3704 enim
1427 3646 1705 3705 haesisset
1746 3651 1808 3706 in
1851 3667 1992 3706 voce
2033 3657 2149 3704 tam
2191 3646 2352 3704 facili
2389 3663 2571 3725 atque

346 3725 688 3804 perspicua?
778 3727 1046 3789 Ceterum
1093 3733 1331 3789 solenne
1378 3751 1499 3789 esse
1542 3730 1857 3804 Hebraeis,
1927 3742 1994 3789 ut
2037 3734 2266 3789 nomine
2313 3731 2566 3794 femineo

338 3813 466 3872 izin:
502 3814 732 3887 anima,
779 3814 851 3871 ad
883 3833 1184 3890 personam
1218 3827 1334 3874 tam
1371 3819 1654 3890 aliorum,
1698 3837 1866 3894 quam
1900 3818 1992 3873 sui
2025 3819 2207 3892 ipsius
2246 3817 2569 3896 designan-

340 3874 473 3953 dam
517 3908 790 3970 utantur,
837 3900 1204 3959 manifestum
1241 3912 1329 3959 est
1361 3920 1436 3958 ex
1476 3901 1564 3960 l's.
1594 3904 1699 3974 42,
1729 3906 1789 3961 6.
1839 3904 1943 3973 43,
1977 3902 2036 3960 ὀ.
2082 3899 2281 3978 (Quid
2319 3914 2569 3961 contur-

309 3977 506 4039 baris
549 3982 751 4038 anima
796 4001 953 4055 mea,
1009 3994 1072 4042 et
1118 3987 1504 4046 tumultuaris
1547 3987 1715 4067 apud
1755 4008 1843 4046 me
1860 3986 1926 4066 3)
1984 3995 2044 4043 et
2089 3985 2305 4044 'lbrem
2351 3988 2423 4058 3,
2456 3990 2562 4047 24.

334 4062 487 4122 Sors
527 4083 659 4121 mea
701 4077 796 4124 oet
827 4066 1016 4140 Deus,
1058 4070 1205 4127 dicit
1243 4072 1444 4129 anima
1485 4091 1633 4130 mea.
1718 4082 1868 4158 rme}
1910 4073 2054 4158 ’3ης
2079 4068 2369 4129 Dominus
2397 4090 2564 4131 mous

337 4158 404 4205 tu
451 4167 550 4221 es‚·
615 4159 704 4221 te,
753 4150 991 4225 Jovnm,
1037 4153 1222 4213 Deum
1266 4167 1325 4213 et
1366 4155 1660 4215 dominum
1705 4174 1739 4212 a
1778 4175 1870 4211 me
1910 4136 2214 4213 colendum
2255 4157 2557 4231 profiteor.

329 4230 401 4290 ln
436 4234 625 4290 verbis
660 4231 875 4322 3³²5·
892 4234 967 4298 ’33
1012 4242 1209 4327 ’17:¹70
1251 4242 1356 4297 alii
1392 4260 1599 4299 nomen
1635 4244 1834 4328 17:50
1880 4241 2114 4310 active,
2172 4241 2275 4297 alii
2311 4241 2563 4320 passive

331 4317 641 4393 accipiunt.
728 4304 928 4382 Priore
938 4305 1152 4398 modo,
1190 4324 1417 4401 bonum,
1450 4325 1606 4405 quod
1634 4309 1763 4405 ipse
1780 4324 2023 4400 faciat,
2060 4327 2184 4384 sive
2215 4345 2254 4383 a
2288 4326 2562 4405 loquente
