2747 4800
364 291 466 366 26
1067 263 1216 360 12⁸1
1245 254 1308 377 ⁴1,
1349 286 1416 353 5.
1465 283 1533 354 6.
1645 288 1767 357 Ρ..
1820 305 1889 353 2.

355 480 615 560 judicio,
655 487 724 538 ut
754 472 949 538 Cohel.
984 474 1082 549 11,
1111 475 1174 533 9.
1218 474 1321 546 12,
1354 472 1489 544 14.,
1531 470 1686 550 quod
1711 466 2017 543 judicium
2056 458 2201 530 κατ’
2235 459 2444 549 ἐξοχὴν
2483 468 2575 526 (11-

362 569 549 639 citur,
590 576 651 624 et
684 563 742 622 h.
769 566 808 621 l.
841 562 1135 621 indicatur
1163 578 1265 635 per
1297 567 1346 619 π
1388 558 1658 629 articuli,
1700 556 1863 628 cujus
1893 564 2037 612 nota
2064 563 2153 611 est
2180 552 2435 612 Pathach
2466 552 2602 616 subs

360 661 406 713 2
444 650 716 729 praefixo.
798 652 1035 732 ΠἾΤἿΞΞ
1078 655 1254 734 ηῑζζ
1293 649 1541 731 0³33qu
1584 638 1783 719 Neque
1807 638 2166 711 facinorosi
2207 640 2334 695 scil.
2376 638 2575 696 eonsi-

359 746 519 795 stent
552 737 617 795 in
660 741 835 792 coetu
864 729 1208 804 justorum,
1248 729 1365 788 reis
1405 722 1561 784 enim
1607 726 1761 784 inter
1798 727 2059 784 insontes
2102 724 2264 782 loeus
2303 741 2423 782 non
2464 732 2575 795 est,

362 822 626 883 damnati
667 837 799 879 cum
837 815 933 874 his
977 831 1289 875 commune·
1317 810 1469 870 nihil
1508 809 1743 869 habent.

532 961 594 1020 6.
681 966 919 1047 Βῆῖρπῖηξ
962 985 1050 999 -—
1090 962 1164 1035 '²2
1212 949 1399 1009 Novit
1439 950 1586 1007 enim
1630 945 1798 1008 Deus
1840 946 1998 1005 viam
2040 943 2401 1028 proborum,
2462 944 2575 1003 hos

362 1049 518 1108 solos
553 1047 823 1127 agnoscit
862 1051 922 1100 et
961 1048 1168 1110 curat,
1217 1046 1280 1094 et
1311 1036 1495 1095 vitam
1529 1044 1589 1091 et
1619 1033 1815 1091 studia
1844 1044 2047 1089 eorum
2084 1033 2368 1108 approbat
2401 1041 2575 1108 atque

272 1170 287 1175 —
361 1133 618 1208 adjuvat.
707 1140 852 1209 νγ,
893 1143 1096 1197 nosse,
1138 1138 1342 1197 saepe:
1385 1130 1627 1193 curare,
1674 1135 1859 1174 curae
1902 1115 2185 1194 cordique
2221 1113 2435 1174 habere
2476 1114 2580 1194 (ut

359 1216 536 1277 Prov.
580 1216 691 1289 12,
724 1196 883 1292 101),
928 1211 1081 1269 unde
1110 1226 1226 1265 non
1263 1223 1436 1263 nosse
1478 1206 1520 1262 i.
1553 1221 1609 1281 q.
1647 1220 1764 1262 non
1806 1199 2178 1281 approbare,
2217 1200 2578 1279 improbare,

359 1301 458 1360 Pu.
495 1304 638 1374 101,
668 1301 730 1360 4.
769 1296 913 1356 Hos.
943 1295 1005 1369 8,
1039 1295 1099 1350 4.
1180 1297 1356 1370 ’ἵζω-η
1404 1286 1613 1371 ΨξίὑἿ
1657 1296 1821 1374 ''l-'⁸¹7
1874 1284 1991 1346 Via
2039 1294 2237 1344 autem
2282 1284 2578 1364 improbo-

360 1404 495 1444 rum
523 1386 718 1466 perit,
758 1384 956 1441 omnia
986 1392 1186 1437 eorum
1213 1372 1408 1433 studia
1438 1384 1499 1432 et
1526 1351 1894 1432 i'nititu'ii'in
1922 1371 2173 1429 nihilum
2200 1370 2598 1450 rediguntur.-

360 1474 537 1550 '¹1an
567 1469 764 1550 perit,
806 1467 995 1523 irrita
1022 1462 1132 1537 fit,
1173 1470 1241 1519 ut
1268 1458 1360 1516 Ps.
1386 1461 1445 1530 9,
1483 1458 1581 1520 19.
1628 1475 1766 1538 spes
1797 1457 2145 1513 miserorum
2183 1471 2299 1512 non
2340 1471 2574 1531 semper

359 1554 557 1612 irrita
597 1554 740 1612 erit.
807 1552 948 1622 112,
986 1550 1082 1606 10.
1124 1562 1262 1626 spes
1304 1544 1623 1623 impiorum
1662 1540 1847 1601 irrita
1884 1547 1998 1598 est.
2077 1529 2214 1598 Non
2243 1540 2579 1616 assequitur

360 1639 681 1713 improbus,
725 1632 881 1715 quod
909 1634 1156 1711 quaerit,
1191 1648 1394 1688 verum
1424 1630 1488 1686 in
1517 1622 1787 1685 damnum
1816 1634 1874 1682 et
1900 1626 2113 1682 malum
2139 1625 2358 1682 irruit.·
2401 1623 2595 1691 Quod*

361 1725 540 1785 verba
579 1734 687 1801 »Ἢ
730 1730 788 1779 et
823 1728 953 1803 ἰδ-ἓξ
981 1735 1102 1774 non
1132 1715 1276 1770 satis
1307 1714 1423 1771 sibi
1451 1714 1717 1789 opposita
1748 1719 1915 1780 sunt,
1960 1707 2112 1785 quod
2157 1706 2595 1766 antithetorum·

361 1787 783 1887 parallelismus
812 1802 1063 1880 flagitat,
1096 1799 1157 1857 id
1189 1797 1592 1874 explicandum
1627 1803 1715 1854 est
1746 1812 1819 1851 ex
1849 1804 2009 1852 more
2039 1803 2335 1869 poetarum
2362 1791 2577 1863 hebrr.,

361 1911 477 1970 quo
510 1893 573 1948 in
604 1887 909 1948 antithetis
938 1885 1324 1943 membrorum
1360 1883 1685 1959 oppositum
1710 1896 1875 1954 saepe
1901 1878 2181 1950 reticent,
2221 1896 2295 1935 ex
2329 1879 2575 1935 alterius

362 1976 726 2056 oppositione
748 1970 1160 2048 supplendum.
1246 1965 1500 2026 Proinde
1543 1963 1597 2021 h.
1631 1966 1670 2022 l.
1703 1961 2005 2021 antithesis
2038 1973 2104 2019 ut
2136 1965 2299 2038 plene
2330 1970 2578 2033 constet,

361 2062 428 2119 in
462 2068 713 2136 utraque
745 2054 1048 2134 periochae
1079 2062 1244 2130 parte
1274 2070 1348 2109 ex
1376 2060 1541 2127 parte
1571 2050 1752 2107 altera
1779 2047 1999 2125 aliquid
2030 2045 2424 2123 supplendum,
2462 2046 2575 2103 hoe

358 2153 562 2226 paeto:
622 2141 803 2201 Novit
844 2138 1013 2198 Deus
1050 2137 1389 2216 probatque
1431 2134 1639 2194 studia
1696 2143 1874 2211 atque
1929 2131 2180 2189 consilia
2225 2129 2576 2208 proborum,

361 2246 546 2306 eaque
590 2228 723 2285 ideo
767 2225 1102 2283 consistent
1154 2230 1214 2278 et
1261 2219 1664 2300 perstabunt,
1740 2227 1811 2275 at
1869 2235 1983 2273 non
2046 2216 2214 2274 novit
2248 2214 2580 2293 ιρνοόαιυο,

268 2366 273 2375 ,.
362 2314 477 2371 imo
522 2312 656 2372 odio
698 2310 894 2383 habet,
934 2306 1138 2368 studia
1178 2314 1242 2364 et
1281 2305 1538 2364 consilia
1573 2302 1876 2376 malorum,
1918 2318 2100 2380 eaque
2140 2302 2341 2377 itaque
2386 2299 2579 2357 irrita

349 2397 535 2476 fient.
571 2432 576 2442 ·

1358 2539 1473 2603 Ps.
1534 2545 1597 2604 2.

534 2661 763 2728 Contra
789 2684 986 2747 regem
1017 2664 1265 2740 aliquem
1298 2659 1686 2719 israeliticum
1720 2657 1921 2724 hostes
1968 2658 2043 2717 ad
2080 2658 2295 2717 bellum
2333 2673 2586 2714 consur-

363 2764 516 2838 gunt
553 2752 677 2835 (Vs.
715 2754 745 2810 1
770 2749 983 2830 -3.);
1040 2748 1248 2806 horum
1283 2746 1619 2802 molitiones
1659 2753 1853 2801 tamen
1890 2746 2095 2803 irritae
2136 2750 2345 2810 erunt,
2401 2758 2586 2816 quum

364 2860 402 2899 a
442 2839 591 2900 Jova
638 2856 747 2897 rex
792 2838 893 2895 ille
937 2838 1017 2893 sit
1061 2834 1449 2900 constitutus,
1503 2845 1727 2886 summa
1776 2838 2011 2905 accepta
2061 2829 2126 2884 in
2169 2825 2364 2883 hostes
2414 2835 2586 2900 pote-

226 2915 257 2967 ’ν
363 2936 514 2984 state
559 2922 627 3005 (3
648 2956 721 2968 —
742 2920 844 3002 9.).
925 2919 1286 2980 Dehortatur
1325 2916 1542 2991 itaque¹
1563 2923 1735 2992 poeta
1776 2911 1970 2971 hostes
2005 2931 2042 2971 a
2077 2912 2244 2971 vanis
2277 2911 2588 2970 conatibus

536 3109 788 3170 Davidis
833 3124 960 3165 esse
999 3101 1110 3160 hoe
1149 3116 1417 3172 carmen,
1476 3106 1644 3157 vetus
1689 3101 1889 3175 opinio
1942 3109 2064 3170 est,
2117 3101 2238 3174 Jam
2280 3114 2462 3174 usque
2507 3095 2600 3155 ab.

364 3197 779 3276 Apostolorum
812 3192 984 3250 dueta
1013 3186 1368 3264 temporibus
1414 3181 1568 3265 (Act.
1596 3185 1659 3257 4,
1688 3185 1789 3242 25.
1822 3186 1927 3242 26.
1977 3186 2075 3256 13,
2108 3179 2260 3262 33.).
2351 3182 2469 3239 Sed
2510 3182 2589 3238 de

364 3281 590 3342 Davide
619 3280 882 3359 cogitare
910 3283 1089 3345 vetat,
1138 3270 1292 3349 quod
1318 3269 1420 3328 Vs.
1440 3276 1497 3331 6.
1525 3288 1651 3342 rex,
1680 3271 1785 3345 qui
1815 3268 1926 3327 hoc
1955 3272 2210 3344 carmine
2239 3269 2592 3340 celebratur,

365 3369 432 3427 in
481 3363 659 3423 Sione
703 3372 899 3420 monte
944 3361 1331 3436 inauguratus
1376 3355 1609 3412 dieitur.
1693 3355 1864 3421 Quod
1906 3353 2125 3412 Davidi
2166 3354 2400 3410 minime
2440 3349 2593 3408 e'on-

365 3453 550 3522 venit,
592 3450 693 3527 qui
721 3448 992 3523 primum,
1034 3442 1216 3500 Saulo
1245 3441 1502 3508 vivente,
1543 3435 1923 3512 Bethlehem,
1966 3457 2002 3496 a
2028 3438 2298 3497 Samuele
2338 3436 2401 3513 (1
2427 3435 2590 3494 Sam.

375 3540 475 3607 16,
511 3530 783 3610 1—3.),
853 3538 1091 3605 posteo,
1148 3543 1326 3606 qnam
1369 3541 1619 3601 regnum
1662 3525 1849 3598 ipsum
1892 3532 2247 3603 capesseret,
2306 3517 2600 3578 Hebrono.

370 3623 443 3696 (2
458 3621 616 3679 Sam.
650 3624 715 3688 2,
749 3616 779 3674 1
805 3614 1021 3686 -4.),
1077 3628 1113 3668 a
1155 3609 1344 3667 tribus
1383 3605 1566 3664 Judae
1607 3609 1977 3684 proceribus,
2033 3626 2145 3665 rex
2186 3615 2337 3664 esset
2383 3603 2597 3662 eonse-

370 3715 582 3763 eratus.
666 3698 938 3771 Accedit,
984 3695 1138 3773 quod
1172 3692 1284 3751 hoc
1319 3693 1575 3777 carmine
1610 3702 1811 3772 gentes
1844 3693 2137 3771 increpari
2172 3691 2445 3748 videntur
2474 3691 2592 3746 im-

370 3791 535 3869 perio
561 3787 957 3847 Israelitarum
975 3783 1097 3856 jam
1124 3779 1435 3853 subjectae,
1463 3794 1629 3851 quae,
1662 3795 1837 3852 quum
1867 3797 2081 3838 novum
2112 3793 2310 3856 regem
2336 3775 2591 3834 electum

372 3893 497 3933 esse
542 3872 876 3941 audissent,
937 3869 1001 3924 in
1047 3864 1390 3923 seditionem
1431 3873 1866 3942 consurgerent.
1951 3862 2069 3921 Sed
2112 3880 2285 3938 quum
2331 3856 2590 3918 Davides

374 3960 676 4036 imperium
707 3955 1055 4029 susciperet,
1098 3949 1296 4007 nullae
1328 3955 1531 4026 gentes
1562 3958 1792 4005 exterae
1819 3947 2102 4006 Israelitis
2139 3958 2471 4021 paruerunt.
2500 3973 2590 3986 --

286 4035 295 4050 ⁸
375 4045 565 4114 Sunt,
607 4041 710 4117 qui
741 4040 1106 4097 Salomonem
1142 4032 1252 4091 hoe
1279 4032 1377 4090 Ps.
1414 4031 1692 4089 celebrari
1723 4041 2014 4104 statuant,
2068 4030 2178 4087 hae
2220 4030 2592 4106 potissimum
2673 4033 2682 4046 ⁰

378 4129 607 4187 ratione
651 4124 833 4196 moti,
898 4121 1055 4200 quod
1104 4119 1398 4189 omnium,
1469 4118 1572 4192 qui
1615 4135 1869 4193 unquam
1917 4134 2160 4195 regnum
2200 4115 2591 4174 Israeliticum

380 4217 722 4278 tenuerunt,
780 4209 940 4266 solus
980 4208 1113 4279 ille,
1168 4212 1471 4280 postquam
1517 4202 1593 4260 ad
1638 4201 1927 4259 Gihonem
1967 4199 2188 4259 fontem
2224 4219 2332 4257 rex
2380 4207 2591 4256 unctus

380 4305 555 4369 atque
587 4293 963 4350 renunciatus
985 4301 1156 4366 esset,
1198 4288 1387 4367 regali
1417 4304 1624 4365 pompa
1653 4284 1891 4345 Sionem
1915 4284 2333 4343 conscendebat
2359 4281 2420 4364 (1
2443 4282 2591 4359 Reg-

393 4385 447 4469 l,
470 4373 623 4476 45).-
706 4371 859 4461 Tum
903 4379 1114 4450 etiam,
1172 4372 1327 4451 quod
1372 4372 1601 4446 oratio,
1658 4389 1804 4450 quae
1845 4368 1944 4429 Vs.
1977 4371 2037 4432 7.
2083 4369 2458 4447 proponitur,
2513 4366 2591 4424 ad
