2747 4800
305 273 308 280 ’
355 262 523 335 ,170
1243 246 1394 331 Pa.
1446 260 1562 356 26,
1627 286 1684 328 ι.

365 449 535 526 culpa
573 457 795 521 eareat,
854 458 914 507 et
949 446 1154 523 pietati
1191 445 1423 505 studeat
1462 447 1705 505 sineere.
1786 446 1869 508 Et
1905 444 2077 522 hujus
2118 450 2489 509 innocentiae
2516 460 2579 510 et

365 533 546 592 studii
571 535 665 591 sui
696 532 803 590 hos
828 533 1050 592 fructus
1077 532 1257 606 petit,
1295 551 1443 608 quos
1474 533 1776 608 percipiat,
1818 544 1886 590 ut
1912 533 2191 592 liberetur
2222 554 2253 593 e
2283 537 2577 612 periculis,

364 637 549 695 neque
579 619 652 676 iis
684 618 852 676 malis
881 615 1199 690 afficiatur,
1243 634 1391 694 quae
1420 618 1532 693 ipsi
1565 617 1931 692 impendent,
1974 635 2119 677 neve
2154 617 2575 694 communibus,

366 723 495 761 cum
530 702 724 780 impiis
759 702 1021 761 hostibus
1059 702 1217 776 suis,
1262 704 1466 778 poenis
1498 701 1855 777 abripiatur,
1899 713 2004 775 ut,
2060 722 2305 780 quorum
2338 716 2576 780 peecata

365 807 487 847 non
522 790 805 865 peccarit,
847 805 1047 846 eorum
1085 804 1297 861 poenas
1338 805 1458 843 non
1498 785 1669 844 ferat.
1760 786 2067 864 Atque'ita
2095 790 2269 847 simul
2300 791 2574 865 implorat

356 875 652 949 justitiam
684 883 744 929 et
774 870 1230 931 misericordiam
1259 869 1406 944 Dei,
1442 871 1785 947 tandemque
1822 874 2115 949 promittit
2148 891 2184 929 a
2216 892 2279 932 se
2314 876 2573 932 studium

365 959 618 1035 pietatis,
663 966 719 1015 et
747 960 891 1016 recti
924 957 1159 1033 verique
1192 957 1364 1013 etiam
1398 958 1461 1013 in
1493 966 1806 1032 posterum,
1847 972 1906 1015 et
1933 958 2371 1017 celebrationem
2400 960 2575 1018 bene-

363 1043 629 1101 ficiorum
658 1042 1007 1100 divinorum.
1054 1069 1129 1084 —-
1176 1041 1401 1109 Quodsi
1430 1040 1676 1100 Davidis
1706 1044 1785 1098 sit
1810 1040 1922 1099 hoc
1944 1047 2213 1116 carmen,
2251 1046 2477 1121 possint
2508 1046 2574 1101 in

367 1145 437 1185 eo
478 1144 545 1183 ea
576 1130 756 1185 recoli
789 1138 1081 1203 tempora,
1131 1142 1279 1201 quae
1326 1127 1353 1182 1
1379 1124 1535 1184 Sam.
1566 1126 1670 1201 22,
1701 1124 1761 1184 5.
1798 1125 1857 1186 8.
1901 1127 2341 1202 describuntur,
2395 1147 2574 1206 quum

363 1207 654 1284 Derides,
701 1214 763 1270 in
798 1216 951 1270 saltu
983 1208 1206 1267 Hareth
1237 1222 1603 1283 versaretur,
1648 1221 1708 1267 et
1736 1210 1879 1269 Saul
1908 1214 2126 1269 crimen
2155 1207 2572 1289 perduellionis

365 1296 479 1373 ipsi
511 1295 784 1370 inferret,
837 1313 1007 1374 quam
1049 1295 1392 1351 calumniam
1434 1305 1665 1372 poetam
1702 1293 1813 1353 hoc
1848 1295 2083 1354 Psalmo
2122 1315 2158 1353 a
2195 1317 2256 1355 se
2292 1299 2575 1375 depellere

361 1381 621 1439 voluisse
651 1384 965 1440 verisimile
992 1380 1090 1436 sit.
1172 1378 1295 1438 Nee
1330 1380 1525 1437 obstat
1553 1379 1769 1440 attaris
1803 1390 1862 1438 et
1896 1381 2096 1439 domus
2126 1382 2312 1440 Jovae
2352 1382 2572 1440 mentio

363 1462 465 1522 Vs.
496 1467 562 1522 6.·
581 1468 642 1523 7.
673 1468 731 1525 8.
811 1464 962 1527 Nam
1004 1473 1063 1520 et
1102 1464 1288 1521 altare
1330 1474 1390 1520 et
1427 1465 1594 1523 aedes
1626 1467 1857 1524 exstitit
1885 1477 2020 1523 ante
2051 1468 2321 1543 templum
2360 1466 2578 1524 Hiero-

335 1549 792 1625 .solymitanum.
857 1549 1134 1618 Quamvis
1165 1549 1320 1605 enim
1351 1551 1654 1630 utriusque
1684 1549 1847 1607 illius
1879 1552 2039 1607 locus
2072 1561 2207 1609 ante
2244 1552 2574 1610 Salomonis

361 1651 607 1712 regnum
641 1636 793 1693 fixus
822 1652 942 1692 non
972 1633 1121 1704 fuit,
1159 1650 1382 1709 semper
1414 1643 1608 1691 tamen
1640 1636 1868 1692 exstitit
1897 1635 1967 1692 ab
2000 1636 2125 1710 ipsa
2151 1635 2331 1694 Mosis
2362 1624 2575 1707 aetate,

361 1727 454 1790 et,
492 1737 607 1795 quo
636 1730 893 1796 tempore
922 1725 1094 1775 natus
1129 1725 1217 1773 est
1244 1716 1516 1791 Samuel,
1556 1727 1683 1776 erat
1715 1719 1776 1776 in
1804 1720 1945 1777 urbe
1978 1719 2138 1794 Silo,
2189 1725 2214 1780 1
2240 1719 2396 1780 Sam.
2428 1723 2483 1794 l,
2513 1721 2575 1776 3.

366 1804 463 1861 11.
490 1804 585 1860 13.
603 1822 745 1881 sqq.,
774 1801 977 1860 deinde
1001 1803 1064 1857 in
1081 1797 1523 1859 Cariathiearini
1551 1804 1823 1879 alibique.
1864 1805 2051 1882 Atque
2079 1823 2255 1881 quum
2280 1815 2369 1863 ter
2398 1817 2575 1883 quot-

362 1890 533 1943 annis
557 1891 802 1948 maseuli
833 1904 1028 1947 omnes
1053 1887 1119 1943 in
1148 1885 1341 1945 locum
1368 1883 1548 1944 Jovae
1580 1906 1832 1960 sacrum,
1861 1899 1927 1948 ut
1957 1891 2045 1946 rei
2077 1887 2308 1947 divinae
2336 1910 2573 1967 operam

361 1970 587 2048 darent,
620 1977 707 2032 ire
737 1982 1072 2033 tenerentur
1101 1964 1300 2048 (Dent.
1337 1973 1436 2042 16,
1466 1968 1610 2050 16.)‚
1654 1972 1891 2030 dubium
1923 1992 2042 2031 non
2072 1983 2180 2046 est,
2213 1975 2353 2050 quio
2383 1975 2573 2033 Davi-

362 2055 482 2128 des,
525 2061 687 2135 prius
715 2078 886 2137 quam
920 2060 984 2114 in
1011 2058 1223 2114 saltum
1254 2054 1476 2114 Hareth
1508 2056 1757 2135 fugeret,
1796 2058 1953 2116 istud
1981 2059 2287 2135 religionis
2319 2058 2574 2119 officium

361 2142 549 2199 tribus
579 2162 700 2200 non
729 2146 952 2216 solum,
1003 2141 1100 2198 sed
1131 2142 1395 2217 pluribus
1425 2141 1651 2199 vicibus
1683 2141 1931 2214 obierit,
1984 2142 2355 2219 quodipsum
2382 2143 2478 2200 Vs.
2510 2148 2574 2206 6.

363 2229 423 2284 7.
452 2227 509 2283 8.
549 2225 749 2284 forsan
789 2228 1123 2303 respexerit.
1206 2225 1407 2300 Neque
1435 2234 1628 2282 tamen
1659 2224 1965 2284 admodum
1996 2244 2225 2285 necesse
2255 2240 2379 2301 est,
2406 2229 2575 2291 illam

357 2311 605 2368 aliamve
651 2314 972 2387 specialem'
994 2312 1354 2367 occasionem
1394 2308 1612 2367 Psalmi
1653 2312 1961 2387 compositi
2005 2330 2246 2368 sumere.
2334 2311 2576 2373 Poterat

359 2396 515 2452 enim
540 2396 629 2453 vel
664 2394 939 2467 Davides‚
977 2394 1072 2452 vel
1106 2397 1255 2454 alius
1282 2397 1507 2452 sincere
1531 2396 1681 2471 pius,
1720 2398 1781 2453 in
1813 2398 2150 2457 universum
2180 2399 2286 2455 tali
2315 2403 2575 2458 carmine

357 2482 596 2552 testari,
655 2492 719 2540 ut
757 2501 834 2540 ex
877 2483 1070 2538 animo
1114 2481 1482 2537 innocentiae
1524 2480 1849 2553 studuerit,
1903 2484 2187 2539 malorum
2236 2486 2576 2545 societatem

358 2558 600 2646 fugerit,
642 2574 700 2625 et
724 2567 1001 2646 religioni
1042 2566 1392 2636 incubuerit,
1431 2573 1605 2641 atque
1636 2563 1745 2622 hac
1781 2585 1920 2624 suae
1950 2567 2184 2639 pietatis
2212 2571 2575 2630 conscientia

356 2643 576 2724 fretus,
619 2651 935 2725 ultionem,
979 2670 1125 2730 quae
1168 2660 1366 2709 manet
1402 2648 1737 2727 improbos,
1780 2649 2094 2727 deprecari.

534 2820 591 2879 l.
674 2818 882 2900 Ἶρι-,ΝΞ
922 2816 1146 2879 ,ludica
1183 2835 1308 2893 me,
1354 2837 1642 2897 cognosce
1676 2838 1906 2877 eausam
1940 2838 2162 2894 meam,
2204 2828 2264 2878 et
2292 2812 2578 2882 ulciscere

360 2923 517 2974 me,-
545 2923 614 2964 ac
657 2889 872 2980 poena}
914 2925 1075 2964 sume
1116 2904 1184 2963 de
1223 2903 1489 2961 hostibus
1527 2904 1692 2962 meis.
1776 2898 2003 2962 Judieis
2043 2914 2162 2978 est,
2220 2924 2337 2963 non
2380 2908 2577 2968 solum

358 3008 593 3049 eausam
624 3009 994 3069 cognoscere,
1031 2991 1130 3048 sed
1156 2991 1351 3060 etiam,
1386 2990 1625 3068 cognita
1652 3008 1845 3060 eausa,
1885 2991 2223 3048 innocentes
2247 2990 2581 3069 defendere,

356 3076 422 3133 in
455 3078 639 3133 malos
674 3094 811 3133 vero
839 3072 1314 3135 animadvertere.
1376 3070 1611 3130 Similes
1636 3075 1747 3131 loci
1780 3072 1875 3131 Ps.
1905 3074 1967 3146 9,
1992 3072 2054 3132 5.
2105 3076 2204 3150 17,
2228 3077 2286 3132 2.
2331 3075 2435 3148 35,
2462 3078 2575 3136 24.

359 3155 580 3223 ’τπῧῖεπ
619 3172 789 3219 ”nnn
833 3171 936 3229 7³&
981 3171 1052 3220 Ὁ
1094 3156 1246 3216 Nam
1288 3175 1396 3234 ego
1438 3160 1499 3215 in
1543 3157 1932 3235 simplicitate
1973 3176 2103 3215 mea
2142 3161 2394 3232 incessi,
2441 3163 2579 3223 sine

358 3223 978 3303 ddli'ii-auiliilimth'ie
1021 3227 1376 3315 calliditate,
1437 3242 1537 3300 sed
1580 3243 1823 3300 candide
1863 3261 2085 3320 semper
2127 3256 2300 3323 atque
2341 3247 2577 3306 sineere

357 3347 486 3386 eum
518 3329 869 3386 adversariis
899 3331 1042 3386 meis
1075 3346 1201 3386 sum
1231 3336 1646 3397 conversatus,
1682 3337 1741 3383 et
1769 3345 1876 3403 pro
1908 3329 2132 3385 viribus
2163 3327 2579 3405 inculpabilem

356 3431 450 3471 me
485 3414 759 3488 praestiti
800 3416 864 3470 in
904 3413 1092 3470 officio
1133 3430 1282 3470 meo.
1369 3420 1460 3474 nia
1506 3422 1565 3469 et
1611 3419 1782 3497 φης
1826 3415 2059 3488 proprie
2100 3413 2169 3472 de
2212 3435 2281 3472 eo
2331 3415 2578 3495 dicitur,

358 3497 512 3573 quod
550 3497 713 3554 nulla
751 3516 825 3556 ex
855 3509 1018 3575 parte
1049 3497 1142 3554 sui
1170 3507 1258 3554 est
1287 3498 1673 3568 diminutum,
1711 3498 2078 3569 mutilatum,
2120 3517 2418 3570 mancum,
2463 3513 2579 3561 aut

358 3582 577 3659 alioqui
624 3583 874 3657 laesum,
928 3582 1288 3639 debilitatum
1334 3594 1394 3640 et
1435 3581 1815 3655 convulsum3
1870 3584 1955 3639 ita
1998 3581 2069 3639 de
2108 3582 2375 3641 victimis
2415 3589 2582 3646 omns*

356 3666 510 3722 vitio
551 3675 612 3723 et
656 3666 783 3725 labe
826 3665 1169 3725 carentibus
1213 3664 1430 3724 dieitur
1471 3666 1660 3724 Exod.
1710 3667 1816 3741 12,
1850 3664 1906 3722 5.
1946 3665 2086 3726 Lev.
2124 3668 2181 3741 l,
2214 3667 2272 3724 3.
2316 3669 2433 3742 22,
2464 3668 2578 3729 25.

357 3747 413 3806 Α
453 3751 623 3809 rebus
666 3754 962 3828 corporeis
1006 3749 1079 3808 ad
1113 3753 1367 3810 animum
1401 3763 1459 3809 et
1496 3768 1684 3808 mores
1718 3751 2100 3824 translatum,
2154 3756 2240 3810 ita
2273 3753 2576 3831 integrum

357 3835 693 3915 significat,
746 3837 846 3911 qui
878 3854 996 3893 non
1030 3836 1109 3891 sit
1142 3834 1546 3893 fraudulentus
1577 3844 1635 3892 et
1664 3834 1915 3893 versutis
1947 3837 2205 3893 consiliis
2229 3837 2391 3894 velut
2428 3856 2577 3913 par·-

355 3920 502 3978 titus
540 3932 600 3979 et
642 3919 1001 3979 imminutus.
1092 3919 1255 3980 Vafri
1287 3919 1443 3978 enim
1471 3930 1530 3977 et
1561 3922 1677 3977 eati
1710 3919 2003 3991 homines,
2045 3922 2145 3997 qui
2179 3921 2301 3977 suis
2332 3931 2573 3983 tantum

354 4004 669 4065 commodis
701 4005 960 4075 student,
995 4022 1308 4081 numquam
1340 4015 1497 4063 totos
1530 4025 1592 4063 se
1619 4003 1917 4078 exhibent,
1962 4005 2063 4061 sed
2095 4004 2384 4079 dividunt,
2414 3992 2572 4067 facie

355 4097 415 4144 et
449 4090 637 4149 verbis
672 4091 978 4148 benevolos
1020 4107 1082 4146 se
1121 4092 1255 4149 aliis
1294 4109 1464 4169 saepe
1505 4089 1885 4168 profitentur,
1946 4091 2119 4149 corde
2160 4099 2354 4147 autem
2395 4101 2454 4148 et
2498 4110 2572 4153 re

355 4173 487 4247 ipsa
515 4193 624 4232 sua
652 4185 879 4232 tantum
911 4185 1197 4250 quaerunt
1227 4187 1289 4234 et
1314 4186 1543 4236 curant.
1614 4175 1765 4234 Gen.
1795 4171 1901 4248 25,
1929 4175 2035 4234 27.
2070 4173 2321 4233 Iacobus
2347 4176 2571 4235 dicitur

353 4262 453 4343 lar-2
494 4258 628 4323 115³&
655 4260 969 4330 innocuus,
1013 4259 1281 4337 simplex,
1322 4262 1561 4320 minime
1587 4258 1751 4319 vafer
1779 4268 1842 4316 et
1873 4266 2167 4317 versutus.
2234 4259 2569 4321 Abimeleeh

356 4341 506 4405 Gen·
532 4328 638 4420 20⁸,
664 4343 722 4401 5.
739 4342 800 4405 6.
833 4342 1060 4404 dicebat
1082 4361 1323 4406 uxorem
1351 4344 1665 4407 Abrahami
1686 4341 1765 4404 ad
1788 4354 1852 4403 se
1881 4341 2258 4406 transtulisse
2282 4339 2365 4428 ἓξ
2401 4350 2572 4438 unq,
