2747 4800
383 291 533 365 132
1203 293 1493 381 Ps.19,
1546 288 1789 382 3-4.

390 479 624 552 turris,
673 474 1023 555 praesidium
1071 482 1163 536 est
1209 474 1429 536 salutis
1471 475 1640 555 regis
1683 473 1800 533 sui.
1887 469 2003 533 Sed
2045 470 2264 532 Psalmi
2308 472 2608 533 lectionem

389 562 824 643 praeferendam
866 572 1029 640 puto.

1363 698 1478 760 Ps.
1541 702 1639 760 19.

545 803 828 867 celebrat
859 801 1141 880 duplicem
1169 804 1485 876 rationem,
1517 801 1773 862 divinam
1806 801 2125 880 potentiam
2153 801 2605 878 sapientiamque

390 891 815 974 cognoscendi,
871 907 1048 946 unam
1081 907 1156 946 ex
1193 891 1339 946 coeli
1370 888 1618 946 mirifica
1649 899 1981 959 structura,
2039 887 2280 945 alteram
2310 907 2384 945 ex
2420 888 2601 966 legum

392 980 724 1049 divinarum
757 974 1189 1052 praecellentia.
1235 1004 1309 1016 —-
1352 973 1445 1031 Ob
1477 974 1846 1031 subitaneum
1874 971 1969 1029 Vs.
2001 973 2059 1029 8.
2093 969 2405 1030 transitum
2441 988 2476 1028 a
2509 990 2602 1043 ceg-

395 1064 618 1123 lebrata
645 1059 793 1132 Dei,
838 1058 1071 1134 qualis
1058 1076 1120 1114 nn
1155 1059 1450 1116 coelorum
1481 1058 1709 1133 opificio
1740 1075 1863 1115 sese
1894 1057 2152 1126 exserit,
2179 1058 2489 1157 potentia,
2527 1055 2600 1113 ad

388 1147 782 1226 praestantiae
816 1145 1004 1221 legum
1037 1141 1372 1200 divinarum
1404 1144 1806 1218 praeconium,
1859 1159 1969 1199 nos
2001 1143 2157 1199 olim·
2175 1142 2239 1197 in
2277 1139 2475 1197 hane
2457 1143 2601 1197 mei-

390 1233 579 1290 dimus
610 1231 1023 1303 conjecturam,
1054 1236 1178 1283 esse
1204 1223 1316 1284 hoc
1345 1225 1578 1285 Psalmo
1609 1225 1722 1284 duo
1745 1223 1982 1284 diversa
2014 1225 2293 1298 carmina,
2324 1236 2426 1282 aut
2453 1234 2601 1282 certe

393 1317 757 1388 diversorum
799 1312 1120 1369 carminum
1165 1312 1480 1388 particulas
1519 1329 1656 1370 casu
1692 1311 1783 1368 vel
1814 1311 2062 1369 consilio
2090 1311 2152 1366 in
2177 1307 2288 1366 hoc
2317 1328 2436 1368 uno
2465 1327 2601 1367 con-

382 1401 620 1478 juncta,
663 1417 807 1476 quae
839 1396 910 1454 ab
949 1397 1264 1472 interprete
1296 1396 1419 1453 sint
1449 1395 1819 1475 sejungenda.
1906 1393 2024 1454 Sed
2051 1394 2283 1456 missam
2308 1393 2427 1468 ja‘m
2461 1393 2601 1451 faci-

388 1503 517 1543 mus
550 1486 740 1540 istam
755 1483 1177 1555 conjecturam,
1235 1491 1301 1537 ut
1343 1482 1582 1538 minime
1624 1482 2027 1538 necessariam.
2110 1476 2299 1537 Nihil
2314 1479 2598 1538 veteribus

388 1579 447 1628 et
473 1568 869 1628 Hebraeorum
902 1575 961 1622 et
988 1564 1244 1622 Arabum
1269 1566 1458 1641 poetis
1489 1564 1883 1640 frequentius,
1938 1581 2112 1640 quam
2146 1564 2211 1619 in
2246 1564 2443 1621 eodem
2472 1580 2599 1619 car-

386 1655 543 1712 mine
586 1652 658 1711 ab
693 1670 810 1708 uno
844 1648 918 1707 ad
948 1650 1193 1707 alterum
1219 1660 1624 1728 argumentum
1657 1647 1850 1705 subito
1880 1650 2152 1706 transire·
2235 1647 2435 1724 Neque
2463 1644 2600 1724 quid

387 1739 640 1796 moverit
678 1736 963 1811 aliquem,
1026 1743 1095 1791 ut
1127 1734 1375 1792 duorum
1411 1735 1732 1791 carminum
1759 1731 2090 1814 fragmenta
2120 1733 2187 1789 in
2224 1751 2402 1790 unum
2444 1751 2601 1790 com-

383 1824 691 1902 pingeret,
732 1819 905 1877 facile
941 1819 1307 1895 perspicitur.
1376 1847 1450 1861 -
1508 1818 1638 1886 Quo
1683 1826 1942 1893 tempore
1982 1818 2173 1876 editus
2205 1818 2286 1873 sit
2313 1815 2599 1889 psalmus,
2634 1812 2641 1815 ’

384 1905 675 1985 probabili
712 1903 881 1961 modo
915 1903 1305 1961 demonstrari
1340 1919 1462 1962 non
1490 1911 1713 2002 potes-n
1772 1919 1956 1978 neque
2000 1904 2175 1960 etiam
2211 1900 2285 1959 ad
2324 1902 2599 1959 carminis

385 1990 843 2070 intelligentiam
866 1989 1034 2061 juvat
1064 1990 1367 2064 temporis,
1406 2006 1521 2064 quo
1551 1988 1830 2063 scriptum
1859 1988 1960 2059 sit,
2002 1987 2234 2045 notitia.

553 2092 691 2148 2—
713 2090 773 2146 4
859 2084 942 2153 b&
967 2121 1052 2132 —
1081 2094 1149 2150 l:
1133 2091 1308 2177 733ῡἿ
1357 2088 1524 2148 Coeli
1565 2092 1862 2144 enarrant
1900 2085 2153 2164 gloriam
2196 2084 2353 2160 Dei,
2394 2095 2623 2164 eorpo-

382 2195 518 2237 rum
546 2175 879 2233 coelestium
906 2171 1048 2232 ordo
1081 2183 1139 2230 et
1170 2158 1539 2249 pulchritudo
1567 2184 1740 2232 testes
1768 2181 1905 2228 sunt
1937 2190 2006 2228 ac
2036 2190 2344 2248 praecones
2378 2173 2599 2231 assidui

387 2259 613 2341 gloriae
640 2269 812 2334 atque
840 2258 1134 2334 potentiae
1161 2257 1416 2332 divinae,
1453 2259 1611 2330 dum,
1653 2269 1906 2334 quantus
1937 2258 2017 2314 sit
2039 2255 2219 2331 Deus,
2258 2274 2602 2334 quamquam

385 2346 586 2417 taciti,
631 2342 892 2419 quotidie
922 2340 1130 2398 docent
1167 2351 1226 2399 et
1259 2342 1608 2410 admonent;
1665 2358 1834 2439 quam
1873 2343 2251 2415 sententiam,
2299 2358 2407 2415 pro
2441 2360 2600 2399 more

383 2429 680 2501 carminis,
716 2428 928 2502 repetit
958 2423 1381 2485 hemistichium
1410 2427 1695 2485 alterum.
1738 2412 1844 2487 '727
1892 2430 2114 2517 ἴτ”ῳιζυη
2155 2438 2217 2485 et
2247 2425 2601 2500 firmamen-

386 2522 512 2572 tum
563 2512 860 2589 praedicat
902 2528 1050 2589 opus
1096 2530 1366 2570 manuum
1406 2529 1684 2583 suarum,
1763 2528 1912 2588 quae
1958 2522 2016 2567 et
2062 2523 2281 2589 quanta
2326 2512 2603 2585 perficere

383 2604 558 2674 queat
592 2595 795 2654 divina
831 2597 1117 2671 sapientia
1158 2606 1216 2653 et
1254 2598 1551 2672 potentia,
1611 2599 1822 2656 docent
1855 2594 2109 2654 siderum
2141 2608 2381 2654 ornatus
2414 2607 2471 2654 et
2499 2598 2601 2653 in·

427 2691 584 2737 entes
619 2679 937 2737 machinae.
1004 2678 1096 2737 De
1124 2690 1290 2767 &7372
1317 2681 1436 2739 vid.
1472 2681 1546 2739 ad
1571 2682 1719 2741 Gen.
1752 2683 1807 2753 l,
1835 2678 1897 2737 6.
1946 2710 2017 2721 -—
2068 2682 2127 2738 3.
2170 2669 2275 2742 '727
2317 2677 2453 2743 2:7⁵5
2494 2685 2600 2740 2:7³

381 2702 536 2823 {Dies
579 2763 698 2821 dies·
737 2761 1099 2834 manifestat
1142 2746 1290 2843 (Vfb
1312 2774 1424 2825 :02³
1465 2764 1529 2822 in
1562 2765 1735 2825 Arab.
1770 2774 1861 2822 est
1901 2765 2232 2842 apparuit,
2271 2745 2605 2835 marais'esta

378 2849 584 2906 evasit
619 2865 719 2905 res
718 2847 762 2927 )
808 2847 1070 2920 dictum,
1113 2850 1289 2907 verba
1332 2832 1524 2907 laudis
1568 2851 1835 2923 divinae,
1894 2865 2126 2924 nosque
2168 2851 2336 2907 nocti
2373 2848 2607 2906 indicat

383 2933 701 2991 scientiam
751 2931 1029 2991 laudandi
1076 2931 1285 2992 Deum.
1371 2934 1525 3003 Quia
1581 2936 1806 2991 coelum
1853 2932 2149 3010 praedicat
2204 2953 2306 3034 per
2359 2932 2480 2991 dies
2532 2942 2602 2991 et

379 3031 616 3091 noctes,
661 3008 793 3076 cum
832 3016 1089 3074 interdiu
1129 3018 1401 3120 princeps
1444 3028 1772 3091 astrorum,
1815 3019 1937 3088 sol,
1982 3019 2369 3095 conspicitur,
2413 3028 2607 3076 noctu

320 3104 325 3119 '
380 3103 689 3161 stellarum
726 3098 1122 3178 pulchritud03
1187 3113 1245 3161 et
1279 3107 1421 3180 quia
1455 3102 1578 3164 dies
1618 3114 1678 3162 et
1716 3112 1915 3160 noctes
1952 3101 2066 3159 sibi
2106 3104 2355 3161 invicem
2393 3120 2607 3159 succe—

385 3186 555 3259 dunt,
603 3186 733 3245 ideo
762 3187 988 3263 poetico
1011 3186 1266 3246 artificio
1292 3189 1471 3267 fingit
1497 3198 1717 3261 noster,
1758 3204 1941 3245 unum
1973 3185 2123 3244 diem
2146 3196 2383 3264 peraeto
2414 3204 2607 3247 cursu

379 3280 442 3328 et
469 3269 902 3348 praedicatione
936 3287 1063 3342 sua,
1106 3272 1337 3331 tradere
1368 3274 1490 3331 diei
1520 3274 1787 3350 sequenti
1821 3270 1997 3329 verba
2024 3272 2495 3346 praedicationis,
2536 3282 2608 3329 et

380 3364 608 3413 noctem
638 3374 902 3431 quoque,
960 3367 1197 3426 peraeto
1236 3375 1448 3428 cursu,
1493 3370 1554 3416 et
1582 3359 1748 3433 quasi
1781 3355 2000 3432 hymno
2036 3365 2308 3429 cantato,
2363 3354 2608 3414 tradere

378 3440 541 3495 noeti
573 3442 833 3514 sequenti
869 3456 1078 3497 munus
1109 3439 1391 3514 canendi,
1446 3452 1516 3500 ut
1554 3443 1640 3499 ita
1679 3443 1805 3499 sine
1840 3441 1960 3496 ulla
1999 3441 2428 3499 intermissione
2469 3440 2610 3499 dien

379 3530 440 3582 et
483 3531 680 3583 noctes
721 3523 889 3599 quasi
931 3519 1172 3582 choreas
1212 3524 1467 3597 ducant,
1520 3537 1581 3585 et
1617 3525 1804 3585 Deum
1847 3524 2115 3582 laudibus
2154 3526 2465 3585 celebrent.
2514 3555 2602 3570 -

376 3607 439 3663 4.
492 3595 598 3667 ‘727
643 3604 969 3694 *mk-77&
1009 3604 1141 3665 Non
1180 3620 1270 3667 est
1309 3610 1425 3667 illis
1464 3629 1678 3683 sermo,
1722 3628 1828 3668 nec
1868 3608 2077 3683 verba,
2116 3627 2299 3687 neque
2324 3607 2613 3667 audieus·

373 3708 495 3749 vox
547 3708 781 3764 eorum,
840 3694 882 3749 i·
923 3711 972 3749 e.
1015 3693 1141 3751 sine
1188 3712 1451 3752 sermone
1491 3706 1553 3754 et
1596 3697 1724 3753 elne
1765 3694 1990 3759 verbis.
2046 3712 2164 3753 non
2208 3695 2408 3753 audita
2449 3711 2613 3753 voce

373 3786 597 3848 eorum,
643 3777 706 3833 in
734 3776 1063 3833 universam
1093 3787 1306 3836 terram
1334 3781 1460 3837 exit
1490 3798 1670 3838 sonus
1702 3798 1899 3838 eorum
1939 3777 2072 3854 (Vs.
2101 3780 2155 3837 5.
2161 3778 2223 3854 );
2271 3781 2427 3837 sive.
2467 3795 2613 3839 non

372 3863 660 3919 existente
696 3877 998 3933 sermone,
1050 3871 1111 3920 et
1155 3881 1273 3921 non
1317 3866 1702 3924 existentibus
1745 3864 1971 3936 verbis,
2036 3883 2155 3922 non
2198 3862 2400 3923 audita
2447 3881 2615 3923 voce

371 3962 605 4017 eorum,
649 3945 803 4001 sicut
834 3942 1006 4005 Prov.
1039 3946 1142 4018 26,
1171 3948 1270 4005 20.
1315 3948 1381 4006 s‘n
1424 3968 1540 4007 non
1578 3950 1881 4007 existente
1921 3965 2280 4023 susurrone,
2325 3949 2369 4006 i.
2401 3966 2450 4004 e.
2487 3945 2617 4004 de-

368 4028 636 4102 ficiente,
688 4028 902 4103 absque
933 4046 1287 4104 susurrone,
1339 4044 1543 4093 cessat
1578 4034 1672 4091 lis.
1753 4033 1876 4093 Alii
1918 4034 2415 4111 interpretantur.
2452 4028 2613 4090 Note

370 4122 467 4170 est
511 4113 770 4185 dictum,
825 4120 887 4168 et
940 4130 1057 4170 non
1114 4126 1258 4174 sune
1317 4136 1648 4189 sermones,
1707 4136 1954 4197 quorum
1996 4136 2109 4175 non
2152 4118 2404 4177 auditur
2445 4132 2615 4192 vos,

367 4197 411 4256 1
444 4216 494 4254 e.
529 4200 675 4256 coeli
707 4197 1004 4255 institutio
1033 4208 1125 4256 est
1154 4203 1346 4277 clara,
1398 4215 1489 4263 est
1523 4205 1817 4262 intellectu
1850 4212 1911 4260 et
1938 4202 2139 4262 auditu
2175 4202 2403 4275 facilis,
2461 4219 2610 4262 vox
2658 4274 2665 4281 ⁸

364 4281 661 4341 coelorum
704 4282 778 4341 ab
818 4282 1088 4341 omnibus
1139 4287 1368 4365 audiri,
1426 4296 1739 4371 eorumque
1793 4287 1955 4348 diota
2015 4297 2075 4347 et
2127 4288 2454 4349 sententiae
2514 4287 2607 4347 ab

359 4366 632 4427 omnibus
666 4377 914 4447 possunt
955 4368 1228 4454 intelligi.
