2747 4800
913 351 1030 419 Pe.
1084 350 1243 439 147,
1295 368 1597 437 9—12·
1688 419 1691 422 ,
2211 345 2362 422 705

152 522 416 585 additum
446 528 696 609 legitur:
741 531 842 596 καὶ
867 527 1050 618 χλόην
1085 537 1157 616 τῆ
1181 517 1435 617 δουλείᾳ
1467 530 1585 593 τῶν
1614 524 1983 608 ἀνθρώπων,
2028 543 2101 594 στ’
2126 532 2391 596 herbam'

154 612 446 669 servituti
487 611 795 676 hominum.
881 620 1013 679 Huc
1047 606 1390 678 translatum
1425 637 1499 676 ex
1530 617 1622 675 Ps.
1655 620 1793 690 104,
1826 621 1920 694 14.
1968 685 1975 696 1

334 702 408 778 9(
449 727 611 804 εἶθ
655 739 751 807 ⁸3³
805 719 983 806 Fufiis
1029 748 1341 788 corvorum
1385 730 1641 804 plerique
1679 726 1880 805 pullos
1920 741 2229 788 corvorum
2272 725 2389 790 in-'

145 805 497 884 telligendos
529 797 758 886 putant-⁸,
801 827 859 873 et
889 819 1350 891 interpretantur
1383 814 1451 870 de
1481 811 1739 870 mirifico'
1762 812 2006 887 quodam
2035 826 2223 890 pastu,
2263 818 2365 892 qui

149 891 235 948 eis
265 891 546 977 divinitus
582 911 849 972 curetur,
895 902 1124 979 quando
1157 899 1500 957 deseruntur
1530 916 1566 954 a
1591 895 1963 973 parentibus,
2001 912 2132 974 post
2162 912 2371 985 ηΝἾΡἹ,

147 985 341 1033 autem
387 973 742 1040 subaudiunt
790 980 966 1065 πῆξις,
1022 985 1105 1042 ad
1144 1002 1270 1041 eum
1305 984 1432 1044 scil.
1474 980 1697 1053 Deum,
1758 989 1824 1037 ut
1866 999 2067 1040 sensus
2108 981 2203 1041 hic
2246 965 2359 1043 git:

149 1060 342 1116 eibum
395 1077 671 1138 procurat
715 1053 886 1144 pullis
941 1088 1248 1128 corvorum
1304 1086 1433 1124 eum
1485 1064 1911 1136 invocantibus.
1996 1065 2097 1125 Sic
2135 1077 2192 1142 et
2232 1067 2360 1128 Job.

146 1144 250 1215 38,
279 1146 380 1202 41.
431 1144 537 1224 (al.
578 1150 681 1221 39,
701 1152 833 1229 ·3.):
895 1153 1046 1224 Quia
1089 1159 1437 1232 praeparat
1477 1168 1654 1209 corvo
1699 1167 1892 1207 escam
1934 1155 2134 1224 s'uam,
2191 1172 2361 1228 quum

133 1225 297 1308 pulli
337 1230 468 1302 ejus
514 1234 597 1290 ad
632 1233 821 1294 Deum
860 1239 1141 1308 clamant,
1179 1246 1238 1294 ee
1281 1242 1589 1313 vagamur
1620 1232 1734 1291 leue
1764 1242 1945 1311 atque
1979 1235 2117 1293 illuc
2149 1237 2362 1317 absque

147 1312 322 1371 cibo?
407 1314 583 1376 Recte'
629 1320 962 1382 observavit
1008 1324 1391 1382 Beonan-rus
1423 1319 1688 1388 ‘Hier-oz.
1735 1319 1812 1378 T.
1843 1318 1914 1376 11.
1958 1340 2012 1396 p.
2044 1322 2186 1379 798.
2222 1340 2361 1398 seq.,
2401 1311 2407 1321 ¹

148 1406 269 1455 tam
308 1405 608 1476 nostruin,
670 1425 841 1483 quam
874 1406 1006 1468 Jobi
1040 1411 1231 1466 locum
1275 1424 1343 1464 eo
1386 1413 1675 1481 spectare,
1730 1403 1886 1482 quod
1926 1422 2135 1462 corvus
2175 1409 2361 1481 pullos

139 1482 260 1556 jam
292 1490 612 1563 enutritos,
659 1503 717 1549 et
754 1491 829 1551 ad
860 1495 1118 1551 volatum
1150 1490 1404 1563 habiles,
1459 1490 1596 1546 nido
1628 1491 1827 1565 pellit,
1880 1497 1948 1545 ut
1978 1490 2042 1546 in
2070 1500 2365 1565 posterum

143 1567 258 1624 sibi
300 1574 676 1647 prospiciant.
762 1576 916 1636 Tum
959 1580 1175 1657 igitur,
1234 1593 1409 1652 quum
1452 1572 1704 1632 nondum
1736 1574 1867 1631 'sint
1900 1574 2086 1649 plenis
2117 1574 2363 1648 viribus,

141 1669 248 1710 nec
281 1654 345 1711 iu
374 1656 629 1734 perfecto
661 1661 865 1741 vigore
897 1665 1128 1735 aetatis,
1168 1678 1354 1736 neque
1390 1660 1524 1717 dum
1553 1658 1627 1718 ad
1650 1660 1871 1716 victum
1899 1660 2134 1733 proprio
2165 1661 2363 1718 labore

142 1744 314 1814 atque
375 1740 664 1802 industria
722 1746 836 1804 sibi
894 1744 1339 1824 comparandum
1395 1744 1801 1814 adsueverint,
1875 1744 2110 1799 consilii
2158 1746 2362 1821 inopes

143 1838 354 1901 magna
392 1843 534 1883 voce
576 1831 862 1888 crocitant
901 1827 1054 1906 (πΝἾ
1109 1829 1201 1912 Ἰ),
1261 1829 1320 1887 et
1354 1835 1557 1910 aerem.
1581 1828 1840 1905 querulis
1868 1829 2216 1886 clamoribus
2246 1831 2366 1886 im-

143 1906 319 1981 plent.
381 1907 451 1967 lu
476 1913 686 1987 quibus
715 1918 1007 1994 angustiis
1034 1844 1339 1974 &eun-illis
1363 1914 1655 1971 succurrit
1681 1922 1739 1968 et
1762 1914 1984 1970 victum
2012 1913 2361 1988 suppeditat.

314 2027 412 2083 10.
491 2025 792 2100 Exempli·
838 2030 1070 2089 divinae
1110 2031 1513 2107 providentiae
1554 2029 1866 2104 propositis
1913 2037 2209 2088 ostensum
2252 2040 2361 2104 est,

140 2104 326 2167 Deum
373 2111 492 2167 illis
539 2130 766 2189 quoque
811 2115 1204 2173 animantibus
1251 2133 1414 2191 opem
1464 2113 1617 2170 ferre
1675 2123 1733 2170 et
1790 2116 2116 2172 necessaria
2156 2132 2365 2190 suppe-

138 2192 365 2268 ditare,
432 2196 642 2272 quibus
690 2200 915 2255 nullum
957 2202 1037 2257 sit
1083 2200 1243 2257 aliud
1289 2197 1611 2261 auxilium3
1689 2196 1961 2272 deprimit
1996 2199 2118 2271 jam
2160 2218 2362 2257 eorum

138 2277 579 2353 confidentiam,
636 2282 1005 2358 quiritibus
1050 2286 1174 2341 suis
1213 2293 1315 2342 aut
1353 2284 1648 2358 copiarum
1680 2281 1941 2356 subsidio
1977 2281 2118 2362 freti
2160 2300 2193 2339 a
2234 2281 2365 2346 Deo

137 2364 381 2422 salutem
425 2381 547 2422 non
587 2368 913 2443 requirunt.
998 2370 1236 2430 Summa
1275 2366 1446 2442 hujus
1489 2378 1546 2425 et
1588 2367 1845 2443 proximi
1872 2364 2124 2439 Versus,
2173 2365 2362 2433 Deum

136 2467 256 2507 non
299 2449 497 2507 favere
537 2452 612 2508 iis
655 2449 1020 2527 hominibus,
1073 2456 1174 2532 qui
1215 2454 1437 2512 viribus
1478 2454 1599 2509 suis
1644 2454 1948 2523 nituntur,
2007 2450 2106 2509 sed
2148 2453 2260 2528 piis
2303 2465 2361 2512 et

134 2533 478 2614 religiosis,
519 2537 620 2612 qui
657 2551 716 2593 et
750 2540 938 2613 ipsum
967 2549 1280 2610 verentur,
1341 2548 1401 2593 et
1432 2538 1560 2593 sola
1600 2538 1720 2610 eius
1762 2534 2071 2593 clementia
2112 2537 2358 2609 pendere

132 2618 361 2677 volunt.
444 2627 626 2710 γξπζ
667 2630 837 2700 Μῦν]
874 2618 1112 2703 η’]-Ὶωξ
1152 2618 1237 2684 &b
1278 2620 1600 2679 Chaldaeus
1630 2621 1776 2677 bene
1803 2621 1890 2676 sic
1916 2619 2200 2680 reddidit:
2243 2639 2359 2678 non

135 2702 469 2761 delectatur
504 2687 893 2776 fertitudine
934 2690 1166 2778 eor-iem,
1233 2707 1338 2783 qus·
1387 2706 1667 2782 equitant
1717 2704 1783 2760 ἄη
1823 2706 2002 2780 equis.
2088 2704 2358 2765 Kimchi:

135 2802 252 2843 non
293 2786 628 2847 delectatur
669 2787 932 2863 leonine,
985 2792 1091 2867 qui
1132 2791 1195 2846 ὄπ
1238 2790 1452 2848 robore
1476 2790 1632 2866 equi
1660 2787 1959 2861 fiduciam
1987 2793 2192 2868 ponit.
2266 2789 2355 2848 cf.

135 2872 242 2944 2⁰,
271 2872 331 2929 8.
372 2874 476 2947 33,
503 2874 723 2931 16.17.
792 2872 1236 2933 Hemistichium
1266 2875 1537 2946 alterum,
1581 2883 1759 2963 ”3⁸2³-
1801 2872 1981 2958 ἀἱηςζῐ
2021 2875 2215 2962 'psum'
2272 2872 2357 2937 ΝΒ

133 2974 249 3015 non
289 2957 352 3016 in
391 2955 673 3016 mribus
716 2958 835 3018 m’re’
870 2959 1227 3033 oblectatur,
1269 2959 1451 3036 aliqui
1483 2959 1554 3017 de
1590 2957 1858 3015 cruribus
1891 2961 1983 3015 vel
2017 2962 2091 3015 ad
2125 2961 2357 3017 inscen-

131 3043 382 3102 dendum
413 3053 474 3101 et
508 3043 847 3121 agitandum
877 3061 1086 3121 equum
1120 3045 1409 3124 agilibus,
1466 3044 1560 3101 vel
1589 3039 1664 3101 ad
1698 3059 1932 3101 cursum
1960 3052 2020 3099 et
2050 3042 2250 3121 fugam
2281 3044 2353 3102 ab

128 3126 396 3187 hostibus
426 3126 711 3205 expeditis
747 3129 1243 3205 interpretantur,
1302 3130 1437 3186 coll.
1475 3128 1604 3186 Am.
1638 3128 1710 3198 2,
1744 3123 1840 3184 15.
1888 3126 2061 3186 velox
2091 3126 2353 3206 pedibus

127 3229 246 3271 non
289 3212 644 3282 salvabitur,
686 3221 751 3269 et
789 3213 1113 3271 adscensor-
1152 3215 1290 3290 equi
1325 3232 1442 3270 uon
1486 3210 1747 3271 salvabit
1787 3212 1977 3271 vitam
2017 3229 2205 3271 suam.
2271 3213 2351 3272 Et

127 3306 306 3356 notus
352 3304 443 3355 est
478 3299 577 3355 ille
620 3291 825 3369 πόδας
861 3292 1015 3371 ὠκὺς
1054 3297 1303 3357 Achilles
1345 3296 1609 3356 Homeri.
1695 3294 1827 3376 Ego
1858 3305 2053 3353 tamen
2083 3299 2352 3356 accedere

123 3383 282 3440 malo
314 3376 391 3440 iis
425 3383 872 3458 interpretibus,
927 3383 1028 3460 qui
1057 3381 1199 3441 haec
1232 3382 1408 3441 verba
1437 3383 1676 3456 capiunt
1710 3379 1781 3438 de
1812 3381 2065 3459 pedestri
2091 3383 2347 3440 exercitu

123 3483 202 3522 ex
253 3463 590 3525 fortissimis
641 3469 787 3527 viris
832 3470 1090 3528 collecto.
1178 3465 1628 3546 conjunguntur
1672 3467 1827 3525 enim
1875 3459 1989 3522 duo
2036 3467 2348 3540 praesidia,

124 3549 339 3624 quibus
381 3568 547 3629 reges
594 3556 653 3609 et
700 3555 899 3629 populi
943 3553 1198 3610 maxime
1241 3551 1527 3611 confidere
1568 3552 1799 3626 solent,
1872 3553 2185 3610 exercitus·
2217 3570 2350 3611 cum

123 3644 447 3709 equestres,
489 3644 611 3692 tum
644 3639 953 3712 pedestres.

306 3742 399 3801 12.
463 3740 629 3805 'Cum
661 3745 775 3805 hoc
803 3744 990 3807 Versu
1016 3747 1412 3808 Alexandrina
1442 3747 1657 3819 versio,
1702 3755 1783 3820 et,
1830 3763 1976 3823 quae
2005 3761 2079 3802 ex
2112 3761 2181 3803 ea
2211 3754 2350 3803 sunt

119 3826 334 3901 factae,
361 3829 667 3906 ‘incipiunt
696 3851 906 3893 novum
940 3831 1257 3905 Psalmum,
1301 3842 1369 3889 ut
1398 3840 1688 3912 congruat
1724 3829 1988 3907 deinceps
2020 3831 2347 3888 numeratio

118 3912 500 3971 Psalmorum-
521 3931 651 3975 cum
682 3915 965 3990 hebraeis,
1000 3937 1145 3995 quae
1176 3917 1503 3993 discrepare
1532 3916 1604 3974 ab
1634 3915 1725 3973 his
1756 3917 1942 3991 coepit
1970 3933 2147 3990 supra
2174 3912 2270 3971 Ps.
2288 3916 2349 3970 9.

118 3992 231 4075 (cf.
260 3997 534 4079 Prolegg.
579 4019 633 4075 p.
671 3997 810 4081 10.).
896 4003 1010 4061 Res
1043 4013 1236 4060 tamen
1264 4001 1553 4073 ostendit,
1596 4019 1713 4057 non
1747 4018 1869 4058 esse
1900 3999 2010 4057 hoc
2039 4001 2182 4056 novi
2215 4018 2348 4056 car·-

121 4076 596 4160 minis‘initium‚
640 4085 738 4145 sed
772 4106 900 4145 cum
933 4084 1406 4164 praecedentibus
1436 4084 1775 4157 cohaerere,
1819 4094 1877 4140 et
1913 4083 1981 4141 de
2021 4085 2097 4140 iis
2129 4083 2344 4157 depen-
2372 4084 2375 4087 ‘

124 4162 284 4221 dere·
361 4168 512 4228 Nam
566 4176 879 4248 praemissa
924 4173 1106 4229 simili
1152 4170 1598 4240 exhortatione,
1660 4170 1846 4246 qualis
1888 4166 1987 4225 Vs.
2018 4171 2072 4225 1.
2108 4170 2205 4241 2.,
2268 4166 2346 4223 ad

123 4248 476 4311 laudandum
533 4253 724 4314 Deum
784 4258 857 4315 ob
911 4258 1395 4315 instaurationem
1442 4256 1603 4333 urbis
1654 4264 1712 4312 et
1757 4254 2140 4330 reipublicae,
2192 4248 2347 4335 redit

67 4336 84 4403 ζ
123 4334 339 4392 iterum
386 4337 456 4395 ad
500 4340 944 4400 celebrationem
990 4342 1431 4415 beneficiorum,
1504 4358 1651 4419 quae
1694 4335 1852 4397 Deus
1903 4341 1965 4397 in
2009 4340 2341 4395 universum

125 4435 311 4495 genus
349 4417 656 4483 humanum
699 4427 964 4498 conferre
1003 4427 1171 4485 solet.
1700 4472 1703 4477 -

203 4500 440 4561 Psalmi.
1257 4550 1260 4553 ι
1633 4507 1687 4569 Y
1715 4529 1755 4587 y
