2747 4800
1417 142 1431 173 Ι

637 298 758 364 1³²³.
813 294 973 381 103,
1039 292 1363 359 16—22.
1459 294 1575 360 Ρ..
1626 288 1787 376 104,
1840 247 1941 358 3]
2234 283 2370 355 551

166 480 336 538 novit
375 479 562 553 enim,
621 480 816 556 quales
858 480 1038 537 simus
1080 487 1139 538 et
1179 494 1347 555 quam
1395 477 1473 534 sit
1518 474 1778 535 conditio
1820 479 2028 531 nostra
2065 469 2277 531 misera
2316 481 2378 530 et

163 566 414 622 infirma.
500 565 685 632 Quam
727 566 1262 636 interpretationem
1303 559 1662 625 commendat
1699 556 2048 616 hemistichii
2086 559 2377 632 sequentis

162 650 607 726 paralielismus,
648 668 762 725 quo
790 649 992 708 itidem
1016 646 1409 727 fragilitatis
1449 642 1669 703 mentio
1699 653 1819 701 est:
1860 659 2075 699 memor
2108 650 2223 715 est,
2268 660 2374 698 nos

167 753 296 793 esse
335 734 603 814 pulveris
643 734 865 791 instar.
1671 757 1674 761 v

337 845 432 900 16.
520 839 744 915 Homo,
801 850 864 899 et
905 859 998 900 res
1044 839 1325 899 humanae
1369 847 1430 899 et
1468 842 1595 897 vita
1635 846 1905 913 aetasque
1948 839 2073 912 ejus
2123 834 2376 914 gramini

167 929 376 985 similis
401 937 509 1001 est,
550 925 830 1004 floretque
856 928 1008 984 sicut
1039 925 1146 986 flos
1187 928 1248 983 in
1275 926 1491 1000 campis
1521 919 1657 1001 (Vs.
1685 921 1830 994 15z),
1880 922 2002 996 qui',
2042 937 2170 976 cum
2197 929 2374 976 vento

168 1015 458 1090 asperiore
482 1009 734 1083 afflatur,
774 1010 1028 1069 concidit
1060 1013 1258 1067 statim
1289 1021 1348 1067 et
1378 1011 1564 1086 perit,
1608 1010 1804 1091 ’θύρη
1852 1007 1963 1067 ‘7⁶19
1997 1013 2217 1082 ῆεγξξ
2257 999 2376 1089 &52

168 1116 280 1155 neo
316 1097 590 1173 agnoscit
632 1113 758 1152 eum
797 1095 1049 1175 amplius
1093 1096 1254 1151 locus
1296 1093 1465 1166 ρίτης
1523 1096 1562 1151 i.
1600 1112 1648 1149 e.
1693 1084 1880 1148 ita'nt
1910 1082 2106 1160 locus',
2165 1090 2228 1144 in
2259 1105 2374 1162 quo

166 1200 504 1239 excrescens
542 1181 843 1253 constitit,
899 1199 1020 1237 non
1054 1180 1546 1255 habeatamplius
1582 1176 1932 1251 inquilinum
1969 1189 2156 1230 snum.
2242 1168 2373 1226 Non

165 1283 489 1343 agnoscere
528 1264 584 1322 h.
614 1267 651 1322 1.
686 1263 836 1323 idem
871 1262 1026 1341 quod
1056 1283 1173 1321 non
1199 1262 1435 1333 habere.
1518 1262 1624 1320 Vel
1655 1269 1864 1335 potest,
1894 1257 2203 1314 subaudita
2234 1254 2375 1312 Par-

167 1352 401 1427 ticipio:
458 1366 782 1427 agnoscens
832 1349 937 1430 (cf.
980 1351 1240 1409 GesENu
1285 1344 1569 1424 Lehrgeb.
1613 1365 1672 1421 p.
1704 1339 1882 1421 797.)
1928 1342 2190 1416 loquutio
2236 1338 2376 1395 haec

166 1437 627 1511 impersonaliter
660 1434 877 1510 accipi,
921 1432 1032 1491 hoc
1065 1432 1267 1490 modo:
1320 1450 1435 1510 quo
1469 1433 1598 1489 loco
1632 1428 1999 1498 constiterit,
2044 1444 2164 1482 non
2197 1442 2376 1502 appa-

165 1530 293 1578 reat
333 1519 611 1595 amplius,
654 1527 756 1575 aut
792 1528 1167 1597 agnoscatur.

340 1630 437 1685 18.
520 1623 778 1717 nnjing}
817 1626 918 1686 Ad
939 1624 1297 1700 faciendum
1338 1644 1446 1699 aa,
1505 1625 1548 1682 i.
1577 1644 1628 1683 e.
1667 1625 1769 1700 qui
1807 1576 2215 1681 mandatorum
2254 1619 2376 1693 ejus

164 1716 252 1773 sic
282 1715 691 1784 meminerunt,
737 1720 804 1769 ut
835 1721 1152 1787 praestent,
1199 1711 1353 1789 quod
1385 1712 1489 1768 ius
1518 1709 1825 1786 postulant
1857 1716 1917 1765 et
1943 1705 2168 1781 jubent.

341 1826 435 1882 ιο.
521 1806 653 1880 vm.
693 1822 766 1879 aa
805 1822 911 1895 47,
939 1821 998 1877 9.

334 1937 436 1993 20.
526 1936 680 2026 *ῆς-ἒξ
730 1925 884 2023 B‘tpz¹
946 1924 1118 2012 {vm}
1162 1927 1497 1989 obediendo
1539 1926 1676 1985 voci
1716 1922 1886 1983 verbi
1935 1921 2101 1995 ejus,
2161 1921 2375 1996 promti

167 2041 236 2079 ac
271 2021 460 2098 parati
493 2019 566 2076 ad
599 2017 941 2093 capessenda
970 2012 1133 2088 jussa
1168 2016 1372 2090 ipsius,
1415 2014 1586 2071 simul
1617 2030 1687 2068 ac
1717 2022 1864 2067 nutu
1900 2009 2068 2085 quasi
2102 2008 2373 2064 volunta-

167 2120 281 2165 tem
324 2106 490 2162 vobis
528 2101 838 2181 significat.
924 2100 1254 2158 infinitivus
1299 2117 1429 2155 cum
1471 2095 1730 2174 praefixo
1772 2090 1986 2153 Lamed
2030 2090 2121 2149 hic
2158 2090 2372 2146 format

164 2188 520 2250 Gerundium
557 2190 619 2244 in
652 2185 747 2258 do,
787 2194 853 2241 ut
887 2179 1067 2265 nim}
1102 2182 1367 2257 dicendo,
1411 2177 1594 2270 ²:523}
1625 2177 1979 2256 quaerendo,
2019 2173 2159 2234 coh.
2192 2175 2251 2247 8,
2281 2175 2378 2229 17.

163 2273 249 2333 Cf.
286 2273 463 2332 Dent.
491 2274 596 2345 26,
628 2273 721 2328 17.
766 2270 870 2343 30,
897 2272 1002 2326 20.
1530 2284 1531 2287 ’

335 2392 438 2450 21.
499 2388 856 2470 Praedicate
882 2384 1094 2446 Jovam
1131 2403 1323 2443 omnes
1351 2381 1661 2442 exereitus
1694 2378 1849 2453 ejus,
1887 2378 2004 2438 vid.
2038 2376 2111 2435 ad
2141 2377 2247 2466 24,
2280 2375 2374 2430 10.

338 2511 442 2571 22.
515 2503 780 2596 Ἶτπξῑζῧηη,
817 2499 1239 2597 ηῆἳᾶἷβη·ἒιζ31
1283 2499 1360 2560 In
1400 2497 1662 2558 omnibus
1700 2496 1847 2555 locis
1881 2495 2127 2556 dominii
2156 2491 2373 2572 ipsius,

167 2614 287 2654 non
329 2598 394 2652 in
441 2613 557 2653 una
600 2586 826 2649 tantum
873 2599 1031 2646 terra
1079 2588 1432 2659 Israelitica‚
1490 2594 1592 2643 aut
1636 2584 1777 2641 urhe
1817 2579 2374 2657 Hierosolymita'na‚

167 2699 360 2740 coram
402 2697 540 2737 arca
582 2676 864 2749 foederis,
931 2671 1031 2731 sed
1071 2690 1241 2749 quam
1284 2675 1405 2730 late
1443 2665 1604 2756 patet
1644 2669 1827 2745 ipsius
1852 2665 2211 2740 imperium,
2271 2676 2372 2735 per

166 2767 500 2828 universum
544 2763 737 2821 orbem
773 2757 1102 2818 terrarum.'
1588 2777 1595 2786 κ

1121 2945 1231 3009 Ps.
1290 2947 1427 3007 104.

335 3069 601 3130 celebrat
635 3067 984 3146 potentiam,
1042 3068 1383 3143 sapientiam
1415 3071 1473 3123 et
1508 3058 1925 3139 providentiam
1957 3052 2072 3113 Dei
2110 3052 2172 3109 in
2209 3066 2388 3106 crea«,

169 3159 329 3216 tione
373 3155 774 3214 universitatis
824 3170 1054 3225 rerum,
1120 3153 1183 3210 in
1225 3149 1429 3208 ordine
1473 3159 1646 3225 atque
1689 3143 2130 3207 conservatione
2172 3150 2366 3193 rerum

169 3243 426 3301 omnium
454 3240 839 3316 conspicuam.
923 3237 1144 3304 Quodsi
1168 3233 1488 3294 Davidicus
1525 3235 1607 3289 sit
1633 3230 1916 3298 psalmus,
1954 3220 2110 3301 quod
2139 3217 2369 3297 quidem

169 3328 381 3384 diserte
423 3323 565 3382 dicit
603 3323 908 3398 inscriptio
953 3321 1208 3381 Graecae
1245 3323 1502 3378 versioni
1544 3315 1934 3393 praescripta,
1990 3307 2380 3366 Zionicorum,

168 3412 472 3468 initiorum
505 3408 697 3466 fuerit.
779 3405 969 3485 Magis
1006 3417 1198 3464 tamen
1228 3406 1544 3462 verisimile
1580 3410 1700 3472 est,
1749 3413 1976 3478 carmen
2009 3392 2121 3449 hoc
2153 3388 2369 3446 factum

169 3514 312 3553 esseae
330 3498 392 3551 in
435 3495 657 3551 laetitia
693 3494 1003 3550 instaurati
1043 3491 1244 3567 templi
1284 3490 1559 3556 secundi,
1614 3478 2088 3561 quemadmodum
2132 3469 2233 3550 qui
2278 3488 2370 3526 se-

171 3582 373 3657 quitur
408 3579 703 3649 Psalmus,
749 3573 924 3649 106„
981 3577 1156 3634 etiam
1198 3576 1320 3649 ipse
1358 3592 1477 3633 non
1521 3567 1999 3640 estDavidicus,
2056 3557 2155 3616 sed
2200 3566 2368 3613 cento

172 3674 400 3722 tantum
433 3683 507 3720 ex
534 3661 856 3733 nandino,
912 3670 980 3717 ut
1009 3660 1225 3718 Zionio
1259 3677 1377 3716 non
1410 3658 1592 3736 possit
1624 3653 1810 3710 factus
1840 3648 2042 3707 videri.
2125 3642 2211 3701 Ad
2244 3637 2368 3696 Da-

171 3747 427 3812 vidicnm
480 3744 710 3823 quidem
750 3743 1177 3819 praecedentem
1217 3743 1525 3823 aggregati
1572 3739 1667 3796 hic
1709 3746 1768 3793 ct
1809 3749 2053 3809 sequens
2096 3724 2371 3784 videntur

170 3844 396 3891 tantum
428 3843 660 3911 propter
694 3848 991 3894 commune
1020 3830 1274 3898 initium,
1336 3826 1590 3886 Omnino
1624 3841 1761 3893 vcro
1795 3821 1883 3890 illi
1909 3816 2118 3873 Psalmi
2157 3826 2372 3878 omncs,

169 3920 272 3995 qui
317 3919 506 3974 initiis
545 3916 745 3989 templi
786 3911 1026 3972 secundi
1063 3914 1267 3985 scripti
1307 3922 1479 3983 sunt,
1547 3919 1649 3965 aut
1688 3905 1875 3962 videri
1920 3909 2162 3978 possunt
2202 3897 2263 3949 in
2305 3908 2373 3946 ea

171 4002 398 4063 laetitia
429 4001 664 4077 publica
694 4000 835 4057 facti
866 4017 988 4056 esse
1000 4039 1019 4071 ,
1078 3997 1370 4055 celebrant
1398 3994 1672 4053 beneficia
1696 3989 1809 4046 Dei
1829 4030 1846 4059 ‚
1898 3987 1991 4044 vel
2020 4000 2158 4060 erga
2191 3993 2371 4060 genus

174 4086 487 4144 humanum
521 4087 584 4144 in
618 4103 853 4165 genere,
897 4083 993 4141 vel
1025 4101 1164 4161 erga
1197 4083 1472 4158 populum
1504 4077 1904 4136 israeliticum.

347 4204 407 4260 3.
492 4198 742 4290 '¹⁹²'2'7'⁷².?,
792 4209 958 4281 τῆρ’-’ὲ
1014 4210 1257 4288 πᾞὶηζ
1314 4195 1434 4266 Qui
1489 4193 1800 4268 contignat
1843 4191 2015 4266 aquis
2060 4183 2374 4264 superiora

177 4287 487 4346 conclavia
526 4307 573 4343 s.
606 4288 914 4344 coenacula
946 4303 1076 4343 sua.
1139 4268 1329 4360 'r'nbag
1363 4282 1508 4339 idem
1543 4288 1652 4347 est,
1693 4277 1847 4351 quod
1884 4274 2185 4330 Arabicum
2223 4263 2377 4326 π’ἒν

177 4372 553 4431 coenaculum
582 4373 645 4430 in
670 4373 963 4448 superiore
993 4381 1153 4443 parte
1184 4351 1430 4438 aedium,
1459 4385 1493 4423 a
1522 4362 1757 4437 reliquis
1782 4359 2018 4417 aedibus
2045 4357 2386 4427 sejunctum,
