2747 4800
994 292 1116 359 1²⁸.
1177 285 1337 376 118,
1400 289 1639 359 1—5.
2162 328 2165 331 ·
2269 288 2415 364 601

215 486 511 541 mortuum
536 485 602 539 et»
622 474 921 555 improlem
949 473 1241 552 abjecerit,
1278 476 1385 545 vix
1410 475 1552 535 aliis
1572 474 1832 536 arbitror
1861 474 2233 553 placiturum.
2303 481 2420 551 Alii

216 564 283 637 in
316 561 555 620 secundi
588 562 781 638 templi
823 562 1050 619 laetitia
1089 561 1322 638 publica
1357 560 1656 620 Psalmum
1688 561 1903 621 factum
1941 566 2296 638 conjiciunt,
2349 574 2419 623 ιιι

217 647 395 704 simul
421 656 573 704 esset
604 647 913 723 epinicium
945 664 1050 722 pro
1080 647 1368 721 superatis
1399 646 1527 705 illis
1557 648 1724 703 malis
1755 654 1814 702 et
1840 649 2143 722 periculis,
2195 651 2258 705 in
2290 652 2423 727 qui·

215 730 328 788 bus
357 730 720 789 aedificatum
752 733 1059 807 templum,
1114 732 1268 789 inter
1291 730 1795 791 Samaritanorum
1828 740 1888 788 et
1920 734 2245 790 vicinarum
2279 754 2423 814 geu·

221 817 369 873 tium
413 815 894 895 oppugnationes.
955 814 1048 887 ‘ln
1092 833 1164 872 ea
1205 826 1399 873 tamen
1453 825 1714 890 tempora
1763 816 1934 890 plane
1986 834 2105 874 non
2157 821 2424 894 quadrat,

221 896 376 977 quod
417 901 481 958 in
520 898 634 958 hoc
677 900 936 967 carmine
972 900 1235 976 princeps
1276 899 1633 969 celebratur,
1692 898 1791 977 qui
1836 919 2010 976 quum
2053 903 2215 978 prius
2259 921 2296 959 a
2331 903 2425 960 sui

217 985 420 1063 populi
470 984 805 1061 procerilms
853 984 1174 1043 contemtui
1219 982 1450 1041 habitus
1496 982 1740 1055 fuisset,
1813 1001 1968 1040 nuuc
2021 984 2095 1043 ad
2143 1005 2422 1044 summam

213 1079 447 1126 evectus
489 1068 837 1150 dignitatem
880 1069 1126 1127 sistitur.
1216 1067 1430 1126 Omnia
1469 1086 1608 1126 vero
1647 1066 1819 1143 hujus
1858 1070 2133 1127 carminis
2169 1072 2425 1148 apprime

215 1153 502 1229 quadrare
532 1146 892 1211 felicioribus
923 1151 1389 1212 Maccahaeorum
1427 1153 1802 1228 temporibus,
1841 1161 1905 1211 et
1936 1155 2304 1227 potissimum
2334 1156 2427 1217 illi

215 1240 494 1315 temporis
523 1238 796 1310 articulo,
834 1256 949 1316 quo
979 1236 1206 1312 Simon,
1234 1238 1443 1296 tertius
1475 1236 1726 1295 fratrum
1754 1234 2244 1311 Maccahaeorum,
2278 1239 2426 1299 Juda

215 1331 278 1380 ct
316 1319 640 1380 Ionatham
681 1324 925 1396 occisis,
993 1322 1387 1399 plenissimam
1434 1323 1650 1401 populo
1702 1323 2036 1398 procuravit
2081 1312 2426 1395 libertatem,

212 1403 418 1466 hostes
453 1407 621 1466 Aera
657 1407 859 1480 ejecit,
920 1415 978 1464 et
1021 1405 1372 1465 hereditario
1420 1424 1549 1463 cum
1586 1408 1723 1481 jure
1764 1409 2080 1465 solenniter
2117 1409 2329 1467 electus
2369 1420 2427 1467 et

218 1492 603 1572 inauguratus
651 1499 743 1549 est
785 1489 1121 1550 Ethnarcba
1165 1500 1225 1548 et
1267 1490 1541 1550 Pontifex
1583 1487 1851 1569 (lMacc.
1892 1494 1985 1562 13,
2018 1492 2117 1549 49.
2152 1511 2276 1571 sqq.
2332 1496 2427 1567 14,

163 1628 196 1655 ,.
219 1571 548 1655 4—15.)‚
602 1586 765 1635 recte
791 1576 941 1635 vidit
972 1574 1236 1634 Venema.
1318 1573 1476 1633 Huic
1506 1577 1750 1653 tempori
1784 1577 2089 1649 convenit,
2130 1578 2284 1653 quod
2314 1598 2425 1660 po·-

217 1661 438 1736 pulus’
418 1678 483 1718 m
512 1660 784 1719 Israelem
802 1702 821 1733 ,
863 1658 1094 1717 domum
1124 1662 1372 1718 Aaronis
1404 1668 1462 1716 et
1498 1661 1764 1719 timentes
1792 1659 1993 1718 Jovam
2025 1660 2426 1743 distinguitur,

218 1745 388 1802 nulla
428 1748 723 1825 mentione
763 1748 955 1825 regis,
1023 1753 1125 1801 aut
1173 1746 1424 1803 aliorum
1467 1754 1760 1802 rectorum
1803 1744 1993 1819 facta,
2059 1759 2426 1828 argumento,

216 1847 499 1889 summam
531 1848 727 1888 rerum
756 1840 898 1888 tunc
924 1846 1096 1905 penes
1121 1828 1482 1903 Aaronidas,
1524 1848 1626 1888 seu
1656 1828 1964 1888 Pontifices
1998 1840 2056 1888 et
2081 1830 2426 1904 sacerdotes,

217 1913 413 1973 fuisse.
479 1914 659 1981 ,Satis
688 1916 1024 1973 verisimilis
1054 1923 1143 1972 est
1167 1911 1451 1971 Venemae
1482 1915 1804 1991 sententia,
1846 1932 2077 1974 carmen
2110 1912 2219 1972 hoc
2250 1916 2428 1976 desti-

220 2009 422 2057 natum
451 1998 664 2070 fuisse,
709 2009 779 2058 ut
811 1999 1040 2059 solenni
1068 2010 1128 2057 ct
1161 2000 1510 2059 laetissimae
1535 1996 1828 2070 Simonis,
1866 2009 2141 2077 tanquam
2171 1999 2427 2060 Ethnar-

218 2081 362 2140 chae
388 2096 446 2142 et
479 2083 778 2142 pontilicis
811 2084 1071 2161 perpetui
1101 2093 1162 2141 et
1186 2081 1548 2155 hereditarii,
1585 2084 1686 2160 qui
1721 2101 1866 2157 opus
1901 2084 2263 2142 liberationis
2294 2105 2424 2144 cum

211 2165 499 2227 fratribus
535 2169 827 2244 inceptum
865 2166 1216 2245 perfecerat,
1258 2168 1722 2247 inaugurationi,
1757 2169 1850 2225 die
1876 2165 2026 2226 festo
2061 2182 2194 2244 post
2221 2169 2430 2228 Acram

216 2252 292 2310 ab
337 2251 599 2312 hostibus
635 2254 977 2324 liberatam,
1042 2253 1307 2311 omnibus
1353 2270 1655 2309 sacrorum
1698 2252 2120 2338 impedimentis
2164 2255 2428 2327 sublatis,

216 2339 374 2395 inter
403 2339 662 2416 publicos
691 2339 960 2415 plausus,
999 2347 1057 2394 et
1090 2337 1481 2412 processionis
1510 2336 1584 2396 ad
1616 2336 1846 2397 modum
1869 2319 2199 2411 faciendae,
2236 2340 2429 2398 inser-

219 2423 395 2497 viret,
438 2441 621 2502 eoque
654 2425 879 2481 solenni
912 2432 1045 2481 actu
1078 2423 1304 2498 publice
1332 2423 1716 2480 accineretur.

392 2508 557 2568 Olim
597 2508 672 2568 ad
710 2503 980 2567 Messian
1030 2505 1317 2565 Psalmum
1362 2509 1612 2565 relatum
1656 2505 1874 2580 fuisse,
1934 2508 2308 2588 cognoscitur
2352 2531 2427 2570 ex

153 2593 158 2596 ’
215 2592 426 2653 Mattb.
448 2595 555 2666 21,
581 2594 684 2651 42.
726 2591 931 2667 (Marc.
963 2592 1064 2665 12,
1097 2595 1193 2651 lo.
1235 2590 1373 2650 Luc.
1404 2593 1511 2663 20,
1543 2586 1668 2668 17.)
1710 2589 1840 2648 Act.
1871 2592 1936 2665 4,
1970 2594 2068 2651 ll.
2152 2592 2236 2652 Et
2270 2594 2429 2654 Rab-

216 2680 490 2737 binorum
527 2695 657 2736 cum
688 2679 1076 2736 recentiorum
1112 2687 1238 2736 tum
1276 2685 1543 2735 veterum
1565 2693 1686 2732 non
1720 2677 1892 2751 pauci
1924 2677 1993 2735 de
2020 2674 2233 2735 Messia
2260 2678 2427 2738 Psal-

219 2782 384 2821 mum
407 2761 563 2820 hunc
588 2763 911 2836 accipiunt3
971 2770 1331 2838 testaturque
1363 2758 1791 2835 Hieronymus,
1825 2762 1991 2819 illum
2022 2761 2174 2838 apud
2205 2772 2426 2823 veteres

215 2846 468 2907 Iudaeos
501 2845 572 2905 de
597 2843 808 2904 Messia
837 2845 1020 2902 fuisse
1046 2845 1423 2921 explicatum,
1464 2854 1639 2919 atque
1663 2845 1815 2903 inter
1846 2863 1944 2903 eas
1974 2864 2192 2920 preces,
2220 2849 2428 2923 quibus

219 2932 506 2992 adventus
545 2933 671 3007 ejus
712 2930 1033 3007 petebatur,
1077 2930 1358 2995 relatum;
1416 2926 1479 2985 id
1507 2925 1665 3002 quod
1693 2928 2070 2987 confirmatur
2104 2932 2272 2988 laetis
2304 2933 2426 2990 illis

218 3016 428 3092 populi
454 3013 986 3087 acclamationibus,
1022 3032 1097 3074 ex
1124 3011 1235 3070 hoc
1269 3013 1527 3070 carmine
1561 3006 1684 3088 (Vs.
1714 3010 1844 3087 25.)
1878 3013 2176 3086 desumtis,
2224 3016 2433 3091 quibus

223 3097 494 3159 Christus
531 3102 741 3159 ultimo
770 3101 833 3158 in
862 3100 1060 3158 urbem
1086 3096 1735 3175 Hierosolymitanam
1717 3100 1984 3177 ingressu
2017 3109 2288 3176 exceptus
2322 3111 2431 3174 est,

220 3181 434 3242 Matth.
464 3186 662 3259 21,9.

393 3269 463 3329 ln
506 3270 800 3329 codicibus
846 3270 1186 3346 quibusdam
1227 3288 1264 3327 a
1306 3266 1664 3327 Kennicotto
1699 3276 1761 3344 et
1797 3268 1868 3326 de
1906 3266 2116 3327 Rossio
2160 3268 2432 3328 indicatis

220 3353 344 3412 boo
376 3365 608 3412 carmen
646 3372 779 3430 pars
819 3365 906 3412 ast
946 3354 1335 3432 praecedentis
1378 3350 1628 3426 Psalmi;
1687 3355 1749 3410 in
1778 3353 1914 3411 aliis
1943 3369 1977 3409 a
2006 3351 2190 3417 Versu
2222 3351 2279 3410 5.
2323 3372 2431 3413 no-

225 3455 339 3496 vus
366 3437 904 3516 incipitPsalmus,
963 3441 1024 3497 in
1062 3440 1194 3498 aliis
1230 3455 1371 3498 vero
1411 3447 1584 3514 atque
1627 3439 1692 3496 in
1728 3438 1930 3497 multis
1972 3437 2143 3499 libris
2180 3457 2435 3516 precum,
2547 3473 2555 3488 ·

221 3540 263 3581 a
289 3520 475 3584 Versu
503 3520 642 3598 25„
682 3526 746 3584 in
776 3526 911 3582 aliis
945 3523 1192 3602 denique
1224 3539 1262 3580 a
1287 3521 1476 3581 Versu
1504 3521 1610 3584 26.

399 3640 456 3698 1.
538 3638 827 3700 Hortatur
857 3621 1128 3721 populum
1161 3639 1451 3718 princeps,
1494 3649 1561 3708 ut
1592 3647 1873 3721 agnoscat
1904 3647 1963 3696 et
1993 3638 2237 3705 celebret
2264 3642 2438 3700 bene-

226 3721 362 3783 ficia
389 3726 453 3783 in
486 3725 677 3803 ipsum
706 3726 940 3785 collata.
1764 3735 1789 3782 Ι

398 3835 459 3892 2.
540 3832 929 3895 Peculiariter
968 3846 1030 3895 et
1064 3837 1300 3895 seorsim
1337 3837 1602 3900 nominat
1628 3834 1881 3895 Aaronis
1914 3833 2226 3909 familiam,
2284 3836 2439 3913 quod

227 3937 454 3986 summa
475 3937 671 3978 rerum
700 3923 763 3979 in
791 3922 1046 3998 politicis
1074 3931 1134 3979 et
1159 3923 1342 3978 sacris
1369 3919 1479 3977 hoc
1510 3931 1762 3995 tempore
1788 3919 1940 3996 apud
1965 3919 2275 3979 Pontifices
2307 3920 2441 3980 fuit.

398 4025 462 4085 ὃ.
544 4027 830 4106 Exemplo
865 4047 988 4087 suo
1000 4030 1228 4106 probat,
1266 4025 1473 4087 Jovam
1498 4030 1810 4108 benignum
1841 4047 1967 4087 esse
1998 4040 2058 4087 et
2087 4032 2440 4091 clementem.

223 4122 376 4191 Ἶζυ
408 4113 741 4199 Angustia,
795 4133 832 4171 a
871 4113 1069 4172 radice
1108 4124 1254 4175 *mx
1295 4113 1471 4182 Num.
1500 4113 1723 4186 25,18.
1761 4113 1984 4175 formae
2016 4124 2149 4176 nnn
2185 4119 2261 4196 (a
2281 4113 2441 4203 2:23)

233 4201 261 4259 1
275 4198 427 4279 Reg.
445 4197 508 4270 6,
520 4197 623 4258 29.
671 4191 771 4258 ef.
799 4199 1020 4257 similes
1049 4177 1281 4274 phrases
1310 4195 1404 4255 Ps.
1425 4154 1611 4270 2o‚2’.
1655 4201 2010 4272 22‚12.--
2050 4211 2277 4262 :ln-172:
2319 4216 2445 4287 23³2

231 4281 573 4342 Exaudivit
613 4303 701 4342 mc
741 4285 816 4341 in·
847 4282 1202 4355 latitudine,
1258 4285 1300 4341 i.
1334 4302 1384 4340 e.
1387 4282 1715 4344 exaudivit
1751 4303 1841 4343 me
1871 4305 1947 4343 ex
1978 4284 2266 4365 angustiis
2301 4268 2445 4342 edu-

231 4367 434 4441 cendo,
464 4377 524 4424 et
556 4366 912 4434 restituendo
946 4371 1010 4428 in
1038 4351 1380 4442 libertatem,
1421 4385 1491 4429 ac
1515 4369 1698 4430 veluti
1727 4370 2035 4440 statuendo
2069 4374 2133 4430 in
2162 4374 2288 4428 loco
2323 4368 2443 4424 latu
