2747 4800
995 293 1118 360 Ps.
1178 285 1338 375 118,
1401 289 1639 358 2—5.
2269 287 2515 401 601‘,

215 485 512 543 mortuum
538 485 604 537 et·
623 474 921 555 improlem
949 474 1243 552 abjecerit,
1279 475 1386 545 vix
1411 475 1552 534 aliis
1579 474 1833 534 erbltror
1861 473 2234 552 placiturum.
2304 479 2420 540 Alii

215 564 285 638 in
318 562 556 620 secundi
588 563 782 638 templi
823 562 1050 621 laetitia
1090 562 1323 637 publica
1359 560 1656 619 Psalmum
1689 559 1903 619 factum
1942 565 2296 637 conjiciunt,
2350 573 2420 621 ut

217 647 396 704 simul
422 657 574 704 esset
605 646 914 722 epinicium
945 663 1051 723 pro
1081 646 1369 720 superatis
1401 646 1528 704 illis
1559 647 1726 702 malis
1756 655 1815 701 et
1841 647 2143 721 periculis,
2197 650 2258 720 in
2291 651 2424 727 qui-

215 730 329 788 bus
359 729 721 788 aedificatum
753 732 1060 806 templum,
1115 731 1270 788 inter
1292 730 1796 790 Samaritanorum
1829 738 1888 787 et
1921 733 2245 790 vicinarum
2279 754 2424 813 gen·

221 816 370 873 tium
414 815 894 895 oppugnationes.
955 813 1048 887 ‚ln
1094 832 1166 871 ea
1207 824 1399 871 tamen
1455 826 1713 889 tempora
1765 815 1934 889 plane
1986 834 2105 874 non
2128 870 2131 873 ,
2158 821 2424 893 quadrat,

222 896 377 977 quod
419 900 483 957 in
523 896 634 957 hoc
677 899 936 958 carmine
973 900 1235 976 princeps
1277 898 1634 970 celebratur,
1693 899 1793 977 qui
1837 917 2011 975 quum
2055 902 2215 976 prius
2259 920 2296 958 a
2331 903 2425 971 sui

220 984 421 1063 populi
472 985 806 1061 proceribus
855 984 1174 1043 contemtui
1220 981 1451 1040 habitus
1497 981 1741 1055 fuisset,
1814 1001 1969 1039 nune
2022 984 2095 1042 ad
2145 1004 2423 1043 summam

214 1078 448 1126 evectus
490 1066 838 1150 dignitatem
882 1069 1129 1126 sistitur.
1217 1067 1432 1127 Omnia
1469 1086 1609 1125 vero
1649 1066 1820 1143 hujus
1859 1070 2134 1127 carminis
2171 1072 2426 1147 apprime

217 1153 503 1228 quadrare
534 1146 894 1211 felicioribus
923 1151 1391 1211 Maccahaeorum
1428 1153 1803 1227 temporibus,
1843 1161 1907 1211 et
1940 1155 2304 1227 potissimum
2335 1157 2427 1217 illi

215 1239 497 1314 temporis
524 1238 797 1308 articulo,
836 1255 949 1337 quo
980 1236 1207 1310 Simon,
1236 1237 1446 1296 tertius
1478 1236 1727 1294 fratrum
1755 1234 2246 1319 Maccabaeorum,
2279 1238 2427 1298 :luda

217 1330 280 1380 et
317 1319 641 1379 Jonathane
681 1324 926 1395 occisis,
995 1321 1388 1399 plenissimam
1438 1322 1651 1424 populo
1703 1324 2037 1398 procuravit
2082 1312 2427 1394 libertatem,

213 1402 420 1465 hostes
454 1406 623 1465 Aera
659 1407 861 1479 ejecit,
922 1416 980 1464 et
1023 1404 1375 1464 hereditario
1422 1410 1550 1463 cum
1587 1408 1725 1481 jure
1765 1408 2082 1464 solenniter
2118 1409 2329 1465 electus
2370 1420 2428 1465 et

220 1492 605 1571 inauguratus
654 1498 745 1549 est
786 1488 1122 1549 Ethnarcha
1166 1501 1228 1548 et
1267 1489 1544 1548 Pontifex
1584 1487 1853 1568 (lMace.
1891 1494 1986 1561 13,
2018 1492 2118 1549 49.
2153 1509 2277 1570 sqq.
2333 1496 2428 1566 14,

165 1626 199 1655 ,0
221 1570 550 1655 4--15.),
603 1587 766 1635 recte
793 1576 943 1634 vidit
973 1574 1238 1633 Venema.
1320 1573 1477 1633 Huic
1508 1577 1751 1652 tempori
1786 1577 2090 1648 convenit,
2130 1577 2285 1652 quod
2316 1597 2426 1658 po-

217 1660 440 1737 pulus
420 1678 485 1718 ιιι
514 1660 823 1733 Israelem,
865 1658 1097 1717 domum
1125 1661 1375 1718 Aaronis
1405 1667 1464 1716 et
1500 1661 1765 1718 timentes
1793 1659 1994 1717 Jovam
2026 1659 2427 1741 distinguitur,

220 1744 390 1802 nnus
430 1747 724 1825 mentione
765 1748 956 1825 regis,
1024 1752 1128 1802 aut
1175 1745 1427 1801 aliorum
1468 1753 1761 1802 rectorum
1804 1743 1993 1818 facta,
2060 1757 2427 1827 argumento,

218 1846 501 1887 summam
534 1847 729 1888 rerum
758 1840 900 1888 tune
927 1846 1097 1905 penes
1123 1827 1483 1902 Aaronidas,
1525 1847 1627 1886 seu
1657 1828 1966 1887 Pontifices
1998 1840 2056 1888 et
2082 1830 2428 1903 sacerdotes,

217 1913 415 1972 fuisse.
479 1914 661 1981 ,satis
690 1915 1025 1973 verisimilis
1057 1922 1145 1972 est
1169 1911 1453 1970 Venemae
1485 1914 1806 1985 sententia,
1847 1932 2078 1973 carmen
2110 1912 2221 1971 hoc
2251 1915 2429 1974 desti-

220 2008 423 2056 natum
453 1997 666 2069 fuisse,
713 2009 780 2057 ut
811 1999 1042 2057 solenni
1071 2008 1130 2056 et
1164 1999 1511 2059 laetissimae
1536 1995 1829 2070 Simonis,
1868 2008 2143 2076 tanquam
2173 1998 2429 2059 Etbnar·

220 2081 363 2141 chae
389 2094 450 2142 et
480 2083 780 2141 Pontificis
813 2082 1073 2161 perpetui
1103 2092 1163 2140 et
1190 2079 1551 2154 hereditarii,
1588 2083 1689 2158 qui
1722 2100 1868 2157 opus
1903 2083 2265 2141 liberationis
2294 2104 2425 2143 cum

213 2165 525 2226 fratribus
538 2170 829 2243 inceptum
867 2166 1218 2245 perfecerat,
1259 2166 1723 2246 inaugurationi,
1759 2167 1851 2223 die
1878 2164 2027 2225 festo
2063 2180 2196 2243 post
2223 2167 2433 2227 Aetam

219 2252 293 2310 ab
339 2250 601 2312 hostibus
638 2254 979 2323 liberatam,
1043 2251 1310 2310 omnibus
1357 2269 1658 2309 sacrorum
1700 2251 2122 2337 impedimentis
2166 2254 2430 2326 sublatis,

218 2338 376 2395 inter
406 2337 664 2416 publicos
693 2339 962 2415 plausus,
1001 2345 1060 2394 et
1093 2336 1484 2411 processionis
1512 2335 1586 2395 ad
1617 2335 1847 2396 modum
1871 2318 2200 2412 faciendae,
2237 2339 2431 2397 inser-

222 2423 397 2496 viret,
440 2441 623 2501 eoque
656 2425 881 2482 solenni
914 2432 1048 2481 actu
1080 2422 1306 2497 publice
1333 2422 1717 2479 accineretur.

394 2508 558 2568 Olim
599 2509 673 2567 ad
712 2507 980 2567 Messium
1033 2505 1319 2565 Psalmum
1362 2508 1612 2564 relatum
1657 2505 1875 2579 fuisse,
1935 2509 2310 2588 cognoscitur
2353 2530 2428 2570 ex

157 2593 160 2598 '
218 2591 556 2666 Manli-21,
582 2594 685 2651 42.
727 2592 934 2667 (Marc.
963 2592 1195 2664 12,1o.
1237 2591 1376 2650 Luc.
1406 2592 1512 2663 29,
1545 2586 1670 2667 17.)
1712 2589 1841 2648 Act.
1872 2591 2237 2664 4,11.Et
2273 2594 2431 2653 Rab-

219 2679 492 2737 binorum
528 2696 659 2736 cum
690 2679 1077 2736 recentiorum
1114 2687 1240 2736 tum
1278 2685 1540 2735 veterum
1567 2692 1688 2732 non
1722 2677 1891 2750 pauci
1927 2675 1996 2735 de
2022 2675 2235 2735 Messia
2263 2678 2429 2737 Psal-

222 2781 388 2821 mum
409 2761 565 2821 hunc
590 2763 913 2836 accipiunt3
974 2769 1333 2835 testaturque
1365 2758 1793 2834 Hieronymus,
1829 2762 1993 2818 illum
2025 2760 2178 2837 apud
2209 2771 2429 2821 veteres

218 2846 470 2906 ludaeos
502 2844 574 2905 de
598 2843 810 2903 Messia
839 2844 1023 2902 fuisse
1049 2844 1426 2919 explicatum,
1466 2852 1641 2917 atque
1666 2843 1818 2901 inter
1848 2863 1947 2901 ess
1976 2863 2194 2918 preces,
2223 2848 2431 2921 quibus

222 2933 507 2991 adrentus
549 2932 672 3006 ejus
714 2930 1035 3007 petebatur,
1080 2929 1360 2993 relatum3
1420 2924 1481 2983 id
1511 2923 1671 3000 quod
1697 2927 2073 2985 confirmatur
2110 2931 2275 2986 laetis
2306 2932 2429 2988 illis

221 3016 431 3093 populi
455 3012 988 3086 acclamationibus,
1024 3031 1100 3072 ex
1126 3011 1238 3069 hoc
1272 3011 1529 3069 carmine
1565 3005 1687 3086 (Vs.
1717 3007 1847 3087 25.)
1880 3012 2179 3088 desumtis,
2225 3015 2435 3090 quibus

226 3099 495 3159 Christus
533 3101 742 3159 ultimo
772 3099 836 3157 in
864 3099 1062 3158 urbem
1089 3094 1687 3174 Hierosolymitauam
1720 3097 1987 3175 ingressu
2019 3106 2291 3174 exceptus
2324 3110 2433 3173 est,

224 3182 436 3243 Matth.
465 3187 571 3259 21,
600 3187 665 3243 9.

395 3270 465 3330 In
507 3270 802 3330 codicibus
848 3268 1189 3345 quibusdam
1229 3286 1266 3326 a
1308 3266 1669 3326 Kennicotto
1702 3274 1761 3324 et
1800 3266 1871 3325 de
1908 3264 2119 3324 Rossio
2162 3265 2435 3327 indicatis

224 3353 345 3413 boo
378 3365 610 3413 carmen
648 3373 781 3431 pars
821 3365 909 3412 est
949 3352 1337 3454 praecedentis
1381 3349 1630 3424 Psalmi;
1688 3354 1752 3408 in
1780 3349 1916 3409 aliis
1945 3368 1981 3407 a
2009 3349 2192 3416 Versu
2224 3349 2281 3408 5.
2325 3370 2434 3412 no-

229 3456 339 3497 vus
369 3439 581 3516 incipit
611 3437 932 3512 Psalmus,
964 3440 1028 3496 in
1064 3439 1196 3496 aliis
1233 3454 1373 3496 vero
1413 3445 1587 3513 atque
1630 3437 1695 3494 in
1730 3437 1931 3495 multis
1974 3435 2145 3500 libris
2182 3455 2438 3514 precum,
2550 3473 2556 3486 ·

224 3540 266 3580 a
291 3520 478 3582 Versu
506 3520 607 3583 25.
622 3564 643 3597 ,
685 3525 749 3582 iu
779 3525 913 3581 aliis
948 3520 1195 3601 denique
1227 3537 1265 3578 a
1289 3519 1478 3579 Versu
1507 3520 1612 3582 20.

403 3638 460 3696 1.
541 3637 830 3698 Hortatur
860 3619 1129 3719 populum
1163 3639 1453 3716 princeps,
1496 3645 1563 3706 ut
1595 3645 1875 3719 agnoscat
1906 3646 1965 3695 et
1995 3637 2240 3698 celebret
2267 3640 2440 3698 bene-

230 3719 366 3781 ficia
393 3724 457 3781 in
489 3723 680 3800 ipsum
710 3725 942 3783 collatu.
1768 3733 1791 3780 t

401 3834 462 3891 2.
544 3832 931 3893 Peculiariter
970 3845 1031 3893 et
1067 3835 1304 3893 seorsim
1339 3834 1604 3898 nominat
1631 3833 1884 3894 Aaronis
1916 3833 2228 3907 familiam,
2286 3835 2442 3913 quod

231 3935 457 3984 summa
478 3936 673 3976 rerum
702 3920 764 3975 in
792 3921 1048 3996 politicis
1076 3932 1136 3978 et
1161 3921 1345 3977 sacris
1371 3917 1482 3976 hoc
1513 3930 1765 3995 tempore
1790 3918 1943 3995 apud
1967 3918 2277 3978 Pontifices
2309 3919 2442 3980 fuit.

399 4025 463 4085 6.
545 4026 831 4105 Exemplo
867 4045 990 4086 suo
1001 4029 1231 4105 probat,
1269 4025 1475 4085 Jovam
1502 4028 1813 4107 benignum
1843 4046 1969 4085 esse
2000 4039 2060 4087 et
2089 4031 2443 4090 elementem

230 4121 377 4190 ’Ἶξλι
409 4112 743 4197 Angustia,
798 4132 835 4170 a
873 4113 1071 4171 radice
1111 4123 1262 4200 ἿἾᾰξ
1297 4111 1474 4181 Num
1503 4112 1727 4184 25,18.
1765 4111 1985 4175 formae
2019 4124 2152 4175 :022
2187 4118 2263 4196 (ιι
2284 4113 2443 4202 220)

238 4197 413 4278 lReg
414 4196 509 4269 .6,
523 4196 624 4257 29.
673 4189 771 4257 cf.
800 4198 1022 4256 similes
1051 4197 1283 4274 phrases
1312 4194 1408 4254 ΡΒ.
1428 4198 1614 4270 20,2.
1657 4201 1764 4271 22,
1790 4200 1885 4255 12.
1926 4231 2012 4243 --·
2052 4212 2280 4261 2155722
2322 4215 2447 4284 233

236 4280 572 4341 Exaudivt't
614 4301 702 4340 me
740 4285 824 4340 s'n
848 4281 1204 4355 latitudine,
1260 4284 1302 4340 i.
1336 4300 1386 4339 e.
1391 4281 1719 4342 exaudivit
1754 4299 1843 4341 me
1874 4304 1949 4342 ex
1980 4264 2269 4364 angus‘tiis
2303 4265 2447 4339 edu-

235 4365 436 4440 cendo,
467 4376 525 4424 et
557 4365 914 4434 restituendo
947 4370 1011 4426 in
1039 4367 1383 4440 libertatem,
1425 4387 1494 4428 ac
1519 4369 1700 4428 veluti
1730 4369 2038 4428 statuendo
2072 4373 2135 4428 in
2165 4373 2291 4426 loco
2325 4368 2445 4422 lato
