2747 4800
1892 210 1910 250 i

390 290 545 372 580
661 286 666 297 Γ
1269 297 1395 365 Pe.
1450 244 1737 381 110‚*1.

386 468 586 557 'vex-ba,
625 498 773 560 quae
805 480 891 538 sic
923 479 1376 556 interpretatur·
1416 495 1727 538 remaneas
1766 474 1921 567 (nit—52
1951 494 2205 552 manere,
2241 484 2622 553 commorari,

387 584 715 639 remanere,
756 564 959 644 2Reg.
991 566 1142 637 2,2.
1171 566 1233 622 4.
1263 566 1322 622 6.
1358 564 1490 623 Jud.
1517 568 1579 637 6,
1602 565 1697 622 18.
1738 563 1893 621 Hos.-
1895 546 1974 636 3,
2005 566 2088 636 3.,
2127 567 2301 640 plane
2326 577 2395 623 ut
2422 567 2618 625 Grec-

388 670 589 729 corum
633 650 952 724 καθίζειν,
1017 669 1069 707 e.
1113 667 1166 708 c.
1212 649 1351 707 Luc.
1386 651 1506 721 24,
1533 651 1637 707 49.
1695 651 1825 708 Act.
1857 650 1954 720 18,
1990 646 2055 705 ΙΙ
2071 644 2122 725 .)
2163 650 2228 707 in
2279 668 2426 707 arce
2483 659 2617 723 tna,

391 736 606 811 lione,
651 752 897 793 securus
927 734 1169 809 fiducia
1205 734 1430 790 auxilii
1466 735 1613 810 ’κείς
1651 752 1724 793 ne
1758 751 1939 790 exeas
1973 733 2058 790 ad
2083 736 2364 812 proelia:
2411 733 2616 794 hostes

392 832 553 893 tuos,
595 819 712 879 tibi
745 821 931 877 etiam
974 817 1227 892 absenti,
1266 816 1603 890 subjz’ciam.
1687 818 1888 895 Neque
1928 827 2120 876 tamen
2148 820 2384 895 probari
2422 829 2616 896 potest

387 906 531 965 baec
586 905 938 981 explicatio,
1012 911 1217 976 utpote
1272 905 1407 961 usui
1461 903 1742 960 formulae
1794 901 2091 961 Hebraeae
2151 904 2237 962 ibi
2293 915 2611 981 usurpatae

390 1008 632 1071 prorsus
661 1006 1013 1069 repugnans.
1079 985 1346 1064 Denique
1375 986 1514 1064 quid
1546 988 1896 1064 permoverit
1922 994 2133 1060 vatem,
2165 996 2231 1047 ut
2259 1008 2463 1071 regem
2495 1000 2614 1047 tam

390 1076 622 1134 solenni
656 1074 909 1132 formula
933 1071 1119 1132 Versu
1147 1083 1357 1150 quarto
1388 1071 1793 1131 Melchisedeci
1831 1090 2230 1131 successorum
2262 1091 2299 1132 a
2329 1073 2484 1132 Jova
2516 1074 2617 1132 ‹lc-

292 1206 295 1210 ‡
390 1161 676 1221 claretum
707 1171 900 1233 canat,
945 1158 1194 1239 cogitari
1228 1159 1400 1234 plane
1431 1175 1552 1214 non
1582 1166 1792 1233 potest,
1833 1157 1885 1214 si
1915 1175 2146 1215 carmen
2177 1158 2251 1216 ad
2279 1177 2347 1216 ea
2375 1158 2617 1230 referas,

389 1264 538 1325 quae
567 1245 606 1303 2
625 1244 781 1304 Sam.
808 1244 908 1300 21.
942 1252 1483 1300 commemorantur.
1566 1239 1738 1310 Quod
1769 1243 1957 1318 ipsum
1988 1242 2148 1300 valet
2175 1254 2385 1301 contra
2410 1262 2615 1302 corun

387 1331 766 1400 sententiam,
821 1331 924 1404 qui
951 1326 1242 1384 Psalmum
1271 1327 1341 1385 de
1369 1325 1735 1399 Abrahamo‚
1789 1328 1883 1385 vel
1911 1327 1980 1385 de
2006 1325 2354 1401 Salomone,
2409 1330 2510 1385 vel
2550 1328 2617 1386 de

389 1413 612 1476 Hiskia
645 1423 963 1488 exponunt.
1026 1410 1552 1469 praetermittimus
1587 1413 2149 1485 alias-conjecturas.
2206 1412 2330 1471 Nos
2360 1413 2618 1489 quidem,

394 1516 572 1579 quum
596 1497 692 1555 hic
715 1496 980 1556 Psalmus
1009 1512 1142 1554 cum
1170 1496 1424 1553 secundo
1453 1494 1566 1561 hoc
1596 1494 1803 1555 babeat
1830 1513 2151 1570 commune,
2178 1498 2333 1572 quod
2363 1507 2615 1574 utroque

395 1584 651 1644 carmine
681 1580 980 1658 profertur
1007 1581 1265 1638 divinum
1292 1580 1616 1652 oraculum,
1650 1598 1766 1656 quo
1797 1579 1942 1639 Jova
1969 1582 2096 1662 regi
2127 1600 2161 1639 a
2192 1601 2253 1638 se
2284 1583 2610 1640 constituto

394 1668 737 1743 pollicetur,
793 1684 856 1723 se
885 1671 1011 1743 ejtis
1044 1663 1237 1721 hostes
1271 1666 1500 1740 penitus
1534 1663 2018 1743 profligaturum,
2077 1665 2371 1723 Psalmum
2405 1684 2615 1724 secun·

393 1754 532 1812 dum
562 1770 701 1810 vero
736 1769 842 1808 suo
877 1751 1008 1807 loco
1041 1748 1356 1806 viderimus
1395 1766 1600 1805 canere
1629 1767 1914 1823 summurn
1945 1751 2111 1808 illum
2139 1770 2335 1828 regem
2367 1769 2401 1808 e
2429 1752 2614 1827 stirpe

394 1834 686 1896 Davidica
719 1834 1062 1906 oriundum,
1116 1834 1516 1890 restitutorem
1560 1834 1751 1913 gentis
1794 1852 1863 1890 ac
1901 1835 2250 1909 reipublicae
2290 1833 2612 1906 Hebraeae,

393 1940 559 2001 quem
603 1919 837 2006 wigimn
877 1928 1151 1990 unctum,
1189 1909 1403 1999 ἐξόχως
1442 1920 1841 1994 appellarunt3
1880 1920 2121 1977 eundem
2149 1930 2209 1977 et
2236 1918 2345 1976 hoc
2379 1918 2615 1977 Psalmo

396 2006 675 2065 celebrari
705 1986 942 2063 minime
968 2005 1320 2063 dubitamus.
1407 2002 1640 2060 Veteres
1671 1996 1988 2062 Hebraeos
2001 2003 2150 2062 banc
2182 2021 2341 2080 spem
2371 2004 2614 2077 fovisse,

395 2091 556 2163 fore,
599 2100 668 2148 ut
694 2088 970 2162 Messias,
1013 2085 1354 2164 perdomitis
1388 2104 1457 2145 ac
1487 2087 1788 2145 debellatis
1816 2086 2110 2161 hostibus,
2155 2090 2313 2164 ipsos
2345 2088 2420 2146 ad
2450 2106 2617 2146 sum-

397 2192 557 2234 mum
597 2177 891 2250 potentiae
926 2184 986 2232 et
1015 2174 1342 2250 splendoris
1373 2172 1673 2251 fastigium
1705 2170 2004 2246 eveheret,
2054 2174 2439 2249 omnibusque
2462 2191 2614 2253 gen-

401 2260 560 2318 tibus
590 2276 659 2315 ac
695 2258 1032 2316 nationibus
1071 2260 1411 2332 imperaret,
1465 2275 1612 2332 quae
1641 2268 1951 2333 supersunt
1985 2269 2184 2315 vatum
2211 2256 2615 2316 Hebraeorum

404 2343 641 2402 oracula
670 2343 990 2400 clarissime
1018 2334 1288 2418 probant.
1369 2341 1605 2399 Porro
1587 2359 1661 2414 is,
1704 2343 1807 2418 qui
1837 2340 1948 2399 boc
1975 2343 2231 2400 carmine
2260 2342 2615 2415 celebratur,

405 2445 536 2484 cuni
588 2428 752 2506 regia
793 2426 1082 2505 dignitate
1132 2426 1546 2494 sacerdotalem
1601 2429 1664 2483 in
1715 2446 1777 2484 se
1829 2445 1944 2485 uno
1992 2430 2359 2502 conjunctam
2414 2427 2613 2501 habet,

402 2519 608 2569 contra
638 2528 810 2585 quam
842 2509 930 2567 fas
963 2519 1114 2568 esset
1145 2511 1208 2566 in
1241 2509 1563 2567 Israelitica
1596 2512 1866 2583 civitate,
1920 2513 2189 2588 illamque
2224 2523 2520 2571 aeternam
2555 2523 2616 2570 et

402 2594 902 2668 excellentiorem,
940 2611 1108 2671 quam
1144 2611 1258 2668 qua
1281 2595 1611 2653 Aaronitici
1638 2593 1969 2655 sacerdotes
1997 2598 2150 2656 orati
2179 2607 2363 2659 erant.
2438 2598 2617 2666 Quod

404 2697 513 2737 nec
544 2679 614 2736 de
641 2676 866 2744 Davide
896 2678 1011 2735 dici
1043 2680 1268 2756 potuit,
1324 2697 1433 2736 nec
1464 2679 1532 2735 de
1570 2681 1688 2738 ullo
1719 2682 1835 2738 alio
1867 2698 2004 2761 rege
2033 2673 2334 2754 terrestri,
2397 2680 2500 2739 sed
2543 2681 2614 2739 de

401 2765 529 2822 solo
575 2761 805 2822 Messia.
888 2763 978 2822 Ad
1021 2759 1297 2821 Messium
1351 2763 1599 2822 Iudaeos
1647 2773 1835 2823 aetate
1879 2759 2018 2823 Jesu
2063 2783 2292 2822 carmen
2339 2767 2619 2824 retulisse

405 2858 638 2907 constat
676 2866 750 2906 cx
791 2849 1128 2925 quaestione
1167 2848 1275 2905 illa
1310 2847 1634 2906 Pharisaeis
1669 2868 1703 2906 a
1730 2842 1986 2909 Domino
2027 2852 2328 2925 proposita
2366 2847 2613 2929 (Matth.

402 2935 507 3007 22,
534 2934 634 2990 41.
676 2931 852 2991 Marc
880 2934 981 3003 12,
998 2932 1101 2990 36.
1144 2934 1280 2993 Luc.
1310 2936 1415 3004 20,
1445 2928 1611 3011 41.;)
1652 2953 1837 3011 neque
1870 2937 2041 2993 aliter
2070 2952 2407 3010 persuasum
2432 2935 2614 2994 fuisse

401 3018 633 3077 videtur
682 3017 809 3091 illi,
881 3021 983 3096 qui
1022 3035 1252 3076 carmen
1291 3029 1558 3076 nostrum
1603 3017 1740 3076 huic
1790 3039 2094 3079 sacrorum
2146 3029 2422 3077 cantuum
2467 3039 2612 3097 syn-

401 3104 644 3183 tagmati
674 3104 956 3177 inseruit,
996 3101 1323 3180 Davidique
1354 3104 1581 3160 auctori
1610 3105 1836 3166 tribuit.
1919 3102 2141 3173 Quodsi
2167 3105 2322 3160 euim
2349 3102 2610 3163 Davitica

293 3251 298 3256 ,
402 3186 555 3245 banc
586 3188 753 3243 odam
785 3185 1021 3259 dixerit,
1060 3183 1179 3245 non
1213 3206 1274 3244 se
1310 3189 1528 3265 ipsum,
1570 3188 1670 3246 sed
1700 3189 1880 3246 alium
1912 3188 2215 3266 quendam,
2256 3206 2317 3244 se
2346 3192 2614 3264 superio-

401 3290 558 3346 rem,
603 3272 711 3328 illa
740 3273 1053 3330 celebrasse
1081 3281 1449 3330 necesse'est.
1532 3270 1637 3329 Ille
1666 3291 1803 3330 vero
1834 3276 1961 3351 quis
1993 3275 2160 3345 alius,
2202 3274 2320 3330 nisi
2349 3271 2618 3346 Messias,

397 3353 618 3414 fueriti
692 3354 858 3414 Nihil
888 3366 999 3429 est,
1029 3356 1182 3435 quod
1212 3359 1288 3414 iis
1321 3356 1754 3432 interpretibus,
1785 3361 1887 3435 qui
1916 3356 2025 3415 boc
2056 3359 2311 3415 carmine
2341 3355 2616 3417 Messian

327 3493 330 3496 ,
387 3441 532 3498 ‘cani
564 3450 849 3512 statuunt,
888 3443 1129 3517 opponit
1158 3458 1240 3498 m:
1266 3440 1529 3514 Wnr'rn,
1560 3443 1834 3499 victorias
1862 3445 2045 3500 multo
2074 3443 2371 3536 sanguine·
2389 3453 2614 3519 partas,
2656 3515 2659 3518 Δ

399 3537 545 3601 quae
574 3526 703 3603 regi
739 3522 849 3581 hoc
874 3523 1101 3582 Psalmo
1130 3525 1415 3583 celebrato
1447 3526 1811 3599 tribuuntur,
1873 3530 2039 3603 plane
2071 3544 2396 3604 repugnare
2426 3530 2609 3600 sanis,

399 3626 547 3685 quae
582 3607 869 3666 bominem
913 3607 1309 3667 Christianum
1355 3607 1592 3692 decent,
1648 3612 1983 3669 notionibus
2024 3613 2092 3670 de
2132 3607 2379 3682 Messio,
2431 3619 2611 3689 atque

397 3691 542 3750 adeo
585 3691 657 3749 acl
701 3693 976 3750 tuendum
1015 3695 1323 3774 religionis
1364 3702 1425 3749 et
1466 3694 1746 3752 librorum
1786 3714 2084 3756 sacrorum
2125 3693 2406 3752 honorem
2445 3696 2608 3762 illam

396 3778 934 3854 interpretationem
971 3797 1094 3835 esse
1127 3777 1513 3853 rejiciendam.
1571 3777 1722 3837 Nam
1752 3781 1883 3856 quis
1915 3783 2167 3859 ignorat,
2211 3781 2476 3838 carmina
2506 3783 2613 3840 illa

395 3870 455 3918 et
493 3860 899 3938 prophetarum
940 3861 1143 3935 effata,
1200 3882 1347 3940 quae
1379 3861 1622 3921 Messiae
1656 3863 2016 3940 splendidum
2050 3864 2353 3940 imperium
2386 3863 2611 3923 descri-

389 3944 570 4018 bunt,
629 3945 1002 4021 dijudicanda
1033 3965 1156 4006 esse
1196 3967 1271 4007 ex
1308 3949 1551 4027 ingenio
1588 3958 1650 4005 et
1684 3948 1984 4029 cogitandi
2010 3951 2181 4008 modo
2216 3948 2340 4023 ejus
2370 3951 2607 4023 aetatis,

390 4045 504 4107 qua
543 4040 683 4089 sunt
720 4027 918 4088 edita?

559 4117 613 4173 1.
696 4113 879 4187 Sunt,
923 4117 1023 4190 qui
1059 4117 1235 4174 verba
1272 4118 1476 4178 uiam
1518 4112 1666 4212 ’νς-ιζ
1709 4120 2203 4196 interpretentur.
2246 4112 2488 4174 Deoida·
2521 4135 2603 4178 sc.

383 4194 728 4269 dedicatum,
772 4216 817 4254 s.
856 4200 921 4256 s‘n
947 4197 1236 4258 Davidem
1270 4198 1554 4275 Carmen,
1598 4223 1772 4279 quum
1810 4204 1991 4262 (lictio
2025 4199 2209 4295 ἾΊἾΒ,
2265 4219 2413 4279 quae
2449 4204 2600 4260 alios

379 4284 604 4340 nomini
641 4285 842 4375 Ἷῖὓζλῖ
885 4288 1158 4361 postponi
1187 4289 1371 4386 solet,
1422 4286 1548 4345 h.1.
1582 4288 1765 4346 eidem
1802 4270 2135 4366 praeposita
2156 4269 2254 4345 sit.
2339 4284 2596 4364 »Septies

373 4366 460 4425 ita
492 4383 704 4426 nomen
739 4350 940 4430 Ἵππη
980 4372 1203 4428 nomini
1230 4369 1492 4430 Davidis
1524 4382 1907 4450 postpositum
1934 4390 2079 4445 csse,
2118 4380 2316 4431 mouet
2350 4369 2592 4429 Masora
