2747 4800
972 321 977 326 .
1051 253 1338 342 Ps.9r,
1402 274 1462 318 ι.
1511 257 1579 324 2.
1659 309 1684 378 ζ
1797 285 1822 313 ν
2056 219 2120 292 “’
2264 209 2417 330 519

203 439 275 499 de
318 439 587 516 periculis
634 436 900 497 omnibns
946 439 1204 498 omnium
1250 441 1315 499 in
1354 435 1482 499 vita
1520 448 1912 514 temporum„
1944 438 2219 528 adversus
2268 460 2416 521 quae

204 526 479 582 universa
518 524 637 581 tuti
674 533 1073 599 praestentur,
1127 525 1231 601 qui
1258 543 1383 582 sese
1412 524 1540 601 Deo
1573 525 1848 598 credant,
1894 523 2195 584 Psalmum
2226 526 2415 587 inter-

204 609 449 684 pretari.
533 609 810 675 Quamvis
850 618 1042 670 autem
1084 611 1204 680 eis,
1261 612 1362 685 qui
1403 620 1691 668 certarum
1729 612 2120 669 calamitatum
2143 605 2412 686 'tempore

198 691 493 752 Psalmum
524 691 739 749 factum
770 694 1135 767 existiment,
1174 710 1297 750 non
1325 695 1633 753 admodum
1665 696 2142 774 repugnaverim3
2191 704 2408 770 tamen,

201 778 341 854 quia
371 778 703 852 etiam'sine
735 778 1114 853 inquisitione
1148 781 1426 853 temporis
1465 789 1525 836 et
1565 781 1919 853 occasionis,
1978 796 2090 855 qua
2128 780 2410 854 scriptum

201 863 321 933 sit,
379 862 634 939 intelligi
676 880 909 919 carmen
951 872 1175 936 potest,
1245 860 1315 920 de
1366 860 1459 920 his
1512 865 1707 922 minus
1753 864 2132 938 laborandum
2173 883 2408 923 censeo.
2479 887 2480 890 ¹

201 945 473 1004 Ceterum
522 946 879 1003 monendum
934 956 993 1003 et
1044 946 1189 1020 hoc,
1255 961 1632 1022 personarum
1678 948 1970 1026 enallages
2017 966 2140 1005 esse
2189 950 2253 1005 in
2279 947 2409 1028 ¹hoc

193 1029 428 1090 Psalmo
457 1029 912 1105 frequentiores,
960 1049 1133 1107 quam
1163 1033 1228 1089 in
1258 1034 1379 1089 ullo
1413 1034 1563 1103 alio,
1605 1042 1846 1108 quae‘et
1888 1035 1951 1090 in
1987 1033 2161 1089 unius
2194 1031 2407 1091 Versus
2457 1107 2460 1110 Ι

201 1113 420 1193 (veluti
457 1110 546 1191 9.)
589 1114 832 1190 diversis
871 1117 1434 1175 membris-‘variana
1517 1116 1572 1175 J.
1601 1115 1677 1174 D.
1709 1115 2056 1175 Munianus
2107 1112 2200 1194 (in
2240 1116 2404 1176 Nott.

94 1195 107 1210 ²
198 1200 274 1256 ad
314 1196 543 1255 Lowtlai
581 1197 861 1280 Praelect.
899 1203 1003 1258 26.
1054 1201 1125 1258 de
1166 1218 1216 1259 s.
1254 1198 1444 1260 Hebr.
1479 1201 1692 1279 poesi,
1746 1220 1803 1277 p.
1826 1200 1978 1268 ‚584
2029 1177 2170 1259 edit.
2208 1198 2405 1280 Lipa.)

198 1285 347 1342 duos
375 1301 477 1362 per
508 1283 1049 1343 omnem*Psalmum
1074 1286 1188 1343 sibi
1211 1284 1561 1361 respondere
1590 1285 1796 1344 choros
1825 1287 2142 1358 existimat,
2160 1286 2418 1345 alterum

94 1395 101 1398 ·
196 1367 327 1426 Deo
376 1367 787 1426 confidentium
827 1370 892 1428 in
933 1369 1225 1443 adversis,
1286 1373 1533 1428 alterum
1572 1370 1677 1429 hos
1723 1370 1796 1428 ad
1841 1389 1995 1446 spem
2036 1371 2408 1449 erigentium,

196 1470 510 1528 eorumque
549 1452 959 1512 admirantium
1000 1454 1350 1513 felicitatem,
1435 1454 1608 1513 Prior
1650 1455 1860 1513 chorus
1892 1456 2054 1533 loqui
2083 1457 2138 1512 ei
2173 1453 2405 1518 videtur
2471 1473 2480 1482 ‘

196 1535 299 1595 Vs.
332 1540 385 1594 1.
417 1547 475 1596 et
506 1537 602 1610 2.,
649 1539 933 1597 secundus
963 1537 1313 1615 respondere
1339 1538 1436 1597 Vs.
1465 1541 1505 1596 3
1524 1541 1681 1596 —8.
1700 1581 1720 1613 ‚
1774 1538 1962 1597 denuo
1993 1540 2154 1616 loqui
2179 1540 2406 1614 primus

193 1623 261 1679 in
296 1623 484 1698 primo
508 1621 730 1680 »Versus
759 1626 903 1682 noni
928 1622 1330 1696 hemistichio,
1385 1631 1557 1699 atque
1587 1625 1724 1683 inde
1752 1643 1933 1701 usque
1962 1624 2035 1680 ad
2063 1624 2234 1682 finem
2261 1622 2406 1704 Verg

193 1724 295 1764 sus
331 1706 424 1764 13.
454 1708 759 1782 secundus,
800 1707 1032 1767 tandem
1058 1717 1253 1765 autem
1280 1702 1904 1787 Deus'interloquutor
1934 1701 2152 1767 venire.
2237 1703 2246 1708 ²

371 1834 427 1894 1.
507 1827 713 1921 ῃῆἒηή
754 1834 876 1916 ’ῗῃρ
927 1830 1054 1915 ,²:323
1094 1829 1266 1926 Τιὶξξ
1311 1844 1492 1924 Ἷηῖξε,
1537 1833 1660 1916 ³³35*
1695 1832 1916 1893 Sedens
1956 1835 2021 1892 in
2063 1833 2406 1895 abscondito

196 1919 482 1979 altissimi
522 1924 582 1977 in
627 1914 835 1977 u'mbra
877 1915 1296 1999 omnipotentis
1341 1919 1759 1997 pernoctabit,
1815 1940 1865 1977 s.
1906 1930 2066 1978 tutus
2108 1930 2166 1977 et
2205 1923 2403 1979 salvus

196 2003 590 2080 permanebit,
639 2004 759 2061 vid.
794 2002 867 2061 ad
911 2005 1014 2077 25,
1051 2006 1146 2061 13.
1231 2005 1482 2064 Sensus:
1541 2006 1639 2081 qui
1683 2004 2030 2062 concredens
2069 2023 2130 2061 se
2172 2006 2305 2063 fidei
2344 2015 2403 2063 et

180 2090 495 2156 ¹custodiae
527 2088 642 2147 Dei
678 2091 763 2146 ita
801 2089 1177 2148 absconditur
1218 2091 1281 2146 in
1321 2089 1564 2146 latebris
1605 2089 1880 2164 praesidii
1924 2099 1984 2145 et
2021 2091 2410 2166 protectionis.

195 2175 354 2249 ejus,
408 2176 461 2231 is
493 2185 652 2232 tutus
683 2184 770 2232 est
810 2191 846 2230 a
878 2177 1044 2232 malis
1080 2185 1137 2230 et
1171 2175 1232 2231 in
1268 2175 1540 2251 periculis
1572 2176 1728 2231 vitae
1760 2172 2023 2230 omnibus
2053 2183 2113 2231 et
2141 2175 2306 2250 quasi
2334 2175 2402 2231 in

196 2259 403 2317 umbra
443 2259 604 2338 degit
642 2261 1094 2332 omnipotentiae
1126 2256 1259 2317 Dei.
1349 2255 1633 2316 Lambris
1676 2268 1736 2314 et
1767 2253 2181 2331 absconsione,
2222 2267 2404 2346 Ἶῃζζ,

191 2345 612 2418 protectionem
647 2355 706 2402 ct
737 2341 1082 2421 praesidium
1114 2343 1467 2422 significari,
1512 2360 1678 2419 saepe
1699 2340 1994 2415 ⁴vidimus,
2038 2362 2090 2399 e.
2117 2362 2167 2399 c.
2203 2344 2307 2414 27,
2339 2342 2398 2398 5.

192 2430 298 2502 31,
328 2430 428 2487 21.
511 2429 808 2491 Michaelis
843 2418 1069 2488 sensum
1109 2428 1251 2486 facit
1280 2430 1342 2486 in
1377 2426 1530 2485 hunc
1558 2429 1819 2487 modum:
1875 2445 2094 2504 „quem
2130 2430 2194 2485 in
2233 2444 2401 2485 suam

197 2514 445 2572 tutelam
485 2508 755 2593 suscepit
796 2506 1023 2588 Deus,'
1055 2513 1186 2586 ejus
1238 2512 1443 2573 curam
1497 2531 1805 2590 numquam
1851 2512 2128 2590 deponet.
2213 2509 2407 2587 Semel

196 2599 261 2656 in
296 2597 443 2671 -ejus
493 2598 720 2657 domum
767 2600 1098 2673 admissus,
1166 2608 1347 2656 noctu
1401 2599 1647 2672 etiam„
1684 2597 2060 2675 periculique
2117 2605 2399 2675 tempore,

194 2680 461 2762 hospilio
490 2682 622 2755 ejus
645 2682 926 2756 fruetur.
994 2678 1117 2763 ἒξ,
1156 2683 1418 2740 umbram
1443 2681 1579 2754 Dei,
1619 2683 1725 2738 sub
1756 2700 1868 2757 qua
1897 2684 1978 2756 pii
2007 2681 2398 2753 diversantur,

90 2813 103 2817 -
193 2769 607 2845 interpretatus
639 2787 765 2825 sum
800 2766 1147 2846 hospitium,
1189 2787 1277 2825 ex·
1297 2786 1406 2825 usu
1437 2769 1599 2824 vocis
1635 2760 1784 2823 Gen.
1809 2767 1906 2838 19,
1933 2766 1988 2822 8.
2029 2763 2144 2822 Jes.
2171 2766 2274 2836 34,
2298 2762 2397 2820 16.

194 2847 417 2931 (noctis
450 2862 603 2910 certe
635 2863 925 2929 tempore,
954 2850 1048 2911 ·de
1077 2870 1192 2927 quo
1220 2862 1280 2908 et
1307 2850 1570 2908 Psalmus
1608 2850 1870 2925 loquitur
1904 2859 1962 2905 et
1999 2850 2214 2921 Lotus,
2272 2866 2396 2905 non

191 2937 453 2997 umbram
483 2937 929 3010 desideraveris,
971 2937 1070 2994 sed
1102 2932 1399 3012 hospitia).
1483 2934 1725 2992 Noctem
1756 2935 2138 3009 periculorum
2173 2943 2398 3007 tempus

194 3021 506 3102 intelligo;
545 3033 721 3079 noctu
752 3041 952 3099 nempe
980 3034 1040 3078 et
1065 3022 1319 3096 latrones
1350 3030 1410 3078 et
1435 3021 1593 3079 ferae
1631 3027 1992 3098 grassantur,
2034 3020 2270 3093 ipsaque
2298 3033 2397 3074 os-

180 3108 320 3185 =1igo
347 3106 584 3165 horrida
610 3109 804 3164 omnia
831 3117 890 3164 et
918 3107 1159 3184 periculi
1186 3106 1358 3183 plena
1385 3105 1548 3163 facit·
1606 3103 1693 3162 cf.
1723 3102 1818 3161 Pa.
1844 3104 1983 3177 104,
2010 3102 2356 3160 20-24.“

363 3234 423 3290 2.
509 3232 682 3292 Tales
709 3254 847 3293 vero
877 3235 976 3311 qui
1008 3254 1227 3309 sumus,
1272 3234 1546 3293 nimirum
1580 3233 1624 3291 ii
1653 3250 1870 3311 sumus,
1901 3237 1976 3290 utx
2000 3241 2157 3290 certa
2185 3229 2397 3289 fiducia

179 3319 283 3377 'sic
312 3327 568 3377 statuere
601 3322 810 3376 animis
838 3323 1055 3377 nostris
1082 3322 1390 3398 possimus,
1423 3332 1490 3378 et
1522 3322 1607 3376 sic
1630 3318 1807 3377 Jovae
1839 3319 2025 3376 dicere
2057 3318 2396 3375 audeamus:

76 3426 84 3445 0
193 3414 283 3476 tu,
318 3396 492 3477 Jova‚
527 3422 586 3460 es
615 3406 1127 3485 propugnaculum,
1168 3406 1418 3463 munitio
1447 3414 1504 3461 et
1529 3413 1792 3481 receptus
1825 3421 2003 3475 meuS,
2049 3412 2112 3458 tu
2142 3418 2202 3457 es
2236 3397 2396 3456 Deus

174 3506 378 3562 ‚meus,
417 3506 531 3564 quo
560 3492 739 3546 nitor.
798 3492 958 3557 Quae
986 3492 1209 3567 quidem
1241 3490 1520 3548 facillima
1544 3490 1773 3549 videtur
1798 3490 1950 3545 ratio
1978 3485 2132 3544 hunc
2155 3482 2398 3543 Versum
2435 3492 2440 3501 ’

195 3592 328 3631 cnm
361 3591 428 3630 eo
459 3575 557 3649 qui
593 3575 925 3650 praecessit,
963 3586 1093 3653 apte
1125 3574 1525 3634 connectendi.
1591 3572 1964 3631 Difficultatis
1995 3573 2146 3630 enim
2177 3564 2416 3646 aliquid„
2507 3633 2518 3637 ,

191 3659 387 3715 inesse
426 3657 655 3715 videtur
689 3659 866 3716 verbo
901 3665 1077 3739 Ἷξδι,
1135 3659 1290 3737 quod
1321 3663 1667 3733 interpretes
1697 3658 1839 3714 bene
1868 3657 2043 3719 multi
2072 3674 2175 3731 pro
2205 3652 2399 3710 Parti-

195 3743 350 3819 cipio
394 3740 619 3800 Benoni
666 3742 910 3815 habent,
982 3748 1191 3823 quippe
1234 3745 1388 3821 quod
1431 3745 1561 3801 loco
1604 3742 1822 3801 vocalis
1867 3740 2185 3798 terminalis
2228 3737 2418 3806 Zere,.

188 3843 626 3904 nonnumquam
666 3830 839 3885 etiam
870 3828 1119 3887 Pathach
1154 3828 1457 3901 admittat,
1518 3838 1586 3885 ut
1621 3830 1763 3904 ⁸³72&
1802 3825 2121 3908 Participio
2157 3823 2291 3902 ’.ιρ’
2336 3820 2438 3877 in²

191 3914 383 3988 primo
423 3909 604 3969 Versu
648 3914 1026 3988 respondeat,
1087 3925 1146 3972 et
1192 3915 1277 3970 ita
1321 3914 1402 3969 sit
1438 3909 1926 3970 transferendum:
1981 3909 2216 3979 dicens,
2259 3907 2311 3962 ‘i.
2349 3922 2422 3987 e„

195 3997 374 4069 dicit,
426 4014 507 4053 sc.
538 3998 621 4068 is,
673 3999 774 4073 qui
815 3997 974 4057 sedet
1015 4002 1080 4056 in
1118 3999 1359 4056 latibulo
1395 3998 1713 4067 Altissimi,
1770 3998 1922 4053 sive:
1981 3994 2036 4051 is
2082 3992 2273 4052 dicit:
2322 3985 2405 4046 ad

195 4073 412 4138 Jovam
452 4074 758 4158 refugium
800 4100 983 4139 meum
1023 4095 1080 4143 et
1112 4102 1256 4161 quac
1286 4090 1628 4158 sequuntur.
1711 4078 1802 4138 lta
1829 4078 2034 4154 procul
2067 4077 2240 4143 dubio
2268 4075 2406 4137 Ale·

194 4165 523 4223 xandri'nus
555 4174 694 4227 ⁸572&
720 4170 961 4243 accepit,
996 4171 1259 4246 quamvis
1286 4186 1387 4244 per
1416 4167 1650 4223 tertiam
1676 4163 1887 4223 Futuri
1914 4180 2239 4241 personam,
2267 4150 2409 4234 ἔρεῖἓ,

180 4249 533 4311 ’Νᾶᾶίᾶῦῐίῐι
617 4249 735 4310 Sed
761 4261 918 4309 tecte
944 4252 1310 4314 Aben-Esra
1347 4262 1407 4308 et
1442 4248 1675 4309 Kimchi
1713 4253 1857 4329 ’Ἰζᾶ
1887 4249 2150 4327 primum
2183 4242 2411 4302 Futuri

190 4351 517 4413 personum
559 4353 684 4395 esse
718 4349 991 4413 monent,
1046 4357 1220 4417 qaam
1256 4336 1446 4395 forma
1475 4334 1618 4392 hacc
1648 4350 1751 4407 per
1782 4331 2040 4392 Pathacli
2078 4336 2411 4388 constanter
