2747 4800
772 293 893 361 Ρ.
948 287 1112 382 114,
1169 310 1233 377 7.
1277 287 1366 381 8.ν
1448 292 1577 361 Ρ..
1619 286 1780 358 ιισ.
1890 236 1893 239 ’
2242 287 2391 365 593

169 473 395 537 Suffixo
439 475 658 552 primae
698 493 978 553 personae
1016 474 1225 549 babet,
1278 477 1447 555 quari
1490 473 1711 535 diceret
1747 473 1877 552 ipsa·
1916 479 2109 535 tem:
2161 496 2198 535 a
2245 480 2387 540 eonss

166 571 365 638 spectu
392 560 637 619 Domini
665 568 921 620 tremere
950 579 1135 620 meum
1175 561 1394 620 factum
1423 570 1544 633 est3
1598 570 1773 637 atque
1803 556 1944 617 haec
1971 561 2055 617 sit
2082 569 2384 639 responsio

166 646 242 704 ad
274 647 790 726 interrogationem
820 646 920 705 Vb.
950 645 1012 703 5.
1043 647 1128 702 6«
1186 645 1305 715 Sed
1337 644 1687 726 cogitandus
1716 653 1809 701 est
1838 652 2008 720 poeta
2033 649 2382 724 respondere

164 730 242 789 ad
292 731 811 809 interrogationem
857 742 1047 789 terrae
1088 729 1335 803 factam,
1395 740 1456 809 et
1493 730 1730 787 concisa
1769 739 1859 785 est
1899 732 2237 804 responsio,
2294 736 2384 793 sie

166 811 496 874 dilatanda:
533 817 792 891 oportuit
820 814 1100 891 profecto,
1132 833 1168 873 o
1197 824 1375 888 terra,
1402 825 1460 873 te
1489 814 1578 873 sic
1604 814 2064 872 contremiscere.
2107 813 2176 873 Si
2203 819 2383 876 verba

163 900 230 958 in
264 900 657 975 superioribus
684 900 989 959 versieulis
1020 900 1231 976 accipis
1261 900 1326 957 in
1362 899 1686 972 praesenti,
1730 898 1907 971 plana
1935 907 2026 954 est
2053 903 2378 962 sententia:

163 993 228 1043 et
259 1002 399 1045 vero
429 982 625 1056 babes,
667 1002 771 1042 cur
805 986 881 1044 ad
906 982 1151 1044 Domini
1178 992 1551 1060 conspectum
1577 984 2007 1040 contremiscas..

334 1099 396 1159 8.
487 1095 706 1167 Quidni
739 1083 1184 1172 contremiscas,
1233 1119 1269 1157 o
1300 1110 1480 1176 terra,
1517 1099 1592 1159 ad
1623 1105 1994 1175 conspectum
2020 1100 2164 1173 ejus,
2212 1088 2375 1178 cujus

162 1193 333 1243 tanta
370 1195 460 1241 est
497 1185 589 1241 vis
629 1195 689 1241 et
718 1186 1017 1260 potentia,
1072 1193 1138 1242 ut
1181 1203 1377 1244 rerum
1420 1196 1661 1249 naturas
1704 1184 1867 1240 nullo
1907 1185 2146 1261 negotio
2188 1191 2376 1263 possit

147 1272 424 1342 mutare,
483 1267 738 1344 adeoque
780 1277 972 1345 petras
1015 1279 1075 1327 et
1113 1286 1288 1344 rupes
1333 1269 1674 1328 durissimas
1720 1267 1785 1325 in
1831 1276 2044 1346 stagna
2082 1279 2141 1327 et
2181 1271 2376 1333 fontes

158 1348 541 1411 convertere?
624 1350 886 1429 Respicit
927 1353 999 1413 ad
1043 1351 1318 1412 historias
1356 1353 1470 1412 Ex.
1494 1356 1595 1426 17,
1624 1354 1682 1409 6.
1726 1349 1898 1410 Num.
1926 1354 2030 1424 20,
2058 1354 2115 1409 8.
2138 1357 2264 1428 11.,
2308 1370 2378 1417 ut

157 1436 257 1497 Pa.
280 1439 382 1510 78,
416 1436 513 1508 15,
543 1440 648 1497 20.
736 1435 1002 1498 Ceterum
1047 1437 1343 1515 emphasin
1385 1437 1557 1496 habet
1588 1436 1731 1495 hoc:
1782 1436 1890 1513 qm·
1930 1441 2234 1497 convertit
2258 1460 2375 1520 pe-

161 1530 325 1580 tram
366 1522 429 1579 ὄπ
465 1530 747 1601 stagnum
792 1540 1116 1600 aquarum,
1173 1523 1339 1599 quasi
1370 1520 1696 1581 diceretur:
1753 1520 1856 1597 qui
1884 1519 2058 1592 fecit,
2099 1539 2137 1577 u
2200 1542 2371 1601 rupes

114 1604 122 1615 ”
160 1609 324 1680 ipsae
363 1616 522 1665 totae
557 1609 747 1667 veluti
781 1609 845 1664 in
872 1621 1050 1684 aquas
1078 1607 1420 1685 liquefactae
1452 1604 1805 1676 defluerent,
1854 1622 1974 1662 non
2004 1624 2167 1664 secus
2202 1618 2374 1687 atque

159 1703 464 1772 stagnum,
529 1702 832 1769 essentque
883 1694 1069 1749 instar
1121 1694 1392 1767 perennis
1439 1688 1736 1765 cujusdem
1785 1687 1988 1749 fontis.
2072 1689 2212 1759 Plus
2263 1706 2370 1769 est,

156 1793 330 1853 quam
368 1778 422 1834 si
454 1774 772 1837 diceretur:
826 1779 927 1856 qui
965 1796 996 1836 e
1034 1787 1202 1854 petra
1238 1794 1448 1856 aquam
1485 1775 1705 1853 elicuit.

1113 1956 1228 2026 ΡΒ.
1277 1962 1418 2025 116.

324 2071 527 2142 Preces
561 2085 854 2157 continet,
907 2103 980 2142 ne
1007 2082 1155 2143 lova
1189 2084 1417 2143 deserat
1451 2080 1763 2162 populum,
1821 2078 1923 2163 qui
1964 2085 2148 2164 ipsum
2190 2086 2369 2165 colat,

157 2166 261 2227 sed
293 2186 454 2244 opem
492 2171 547 2225 ei
578 2167 764 2242 ferat,
821 2178 880 2228 et
908 2170 1327 2247 protectionem
1365 2178 1650 2246 praestet,
1703 2176 1876 2247 atque
1918 2171 2004 2227 sic
2045 2170 2183 2229 aliis
2222 2192 2369 2251 gen-

155 2252 338 2324 tibus,
380 2252 481 2329 qui
514 2252 689 2312 falsos
721 2253 855 2311 deos
888 2253 1112 2327 colunt,
1158 2255 1520 2312 occasionem
1552 2253 1871 2329 praecidat,
1911 2252 2101 2313 Deum
2131 2255 2368 2315 Israeli-

156 2349 350 2395 tarum
378 2337 641 2412 ridendi,
684 2340 837 2396 sicut
868 2357 996 2397 cum
1031 2341 1289 2417 ipsorum
1321 2339 1435 2397 diis
1466 2347 1637 2417 poeta
1661 2337 1837 2412 facit,
1881 2354 2029 2417 quos
2057 2343 2365 2418 exquisitis

156 2423 640 2482 insectationibus
668 2421 821 2483 ridet
849 2434 908 2481 et
932 2426 1230 2504 exagitat5
1270 2421 1408 2492 hinc
1434 2422 1663 2483 inducit
1689 2421 2095 2498 baelicam-se
2118 2427 2368 2486 invicem
2392 2449 2403 2466 =

155 2507 511 2583 excitantes,
563 2517 632 2566 ut
670 2526 706 2567 a
733 2505 882 2569 Jove
910 2509 1043 2571 solo·
1075 2519 1236 2569 certo
1268 2525 1379 2568 suo
1414 2503 1589 2590 atque
1618 2517 1901 2587 perpetuo
1930 2521 2367 2590 propugnatore

158 2609 326 2669 opem
358 2591 711 2670 exspectent.
2294 2635 2299 2638 -

326 2675 589 2735 Psalmus
621 2675 947 2736 difficilibus
984 2674 1341 2755 temporibus
1386 2675 1591 2753 populi
1630 2676 1821 2736 factus
1862 2677 2113 2742 ridetur.
2192 2683 2326 2749 Quo

153 2761 312 2821 enim
345 2770 508 2820 vates
536 2759 724 2821 Deum
754 2771 885 2821 orat
917 2761 1104 2821 Versu
1133 2764 1227 2837 2.,
1278 2780 1352 2820 ne
1378 2764 1637 2837 patiatur
1666 2779 1835 2820 suum
1867 2780 2077 2823 nomen
2109 2765 2365 2826 ludibrio

154 2845 357 2906 haberi
382 2847 535 2904 inter
562 2848 706 2905 alias
734 2856 958 2926 gentes,
1000 2843 1146 2904 illud
1172 2855 1515 2926 argumento
1543 2856 1653 2919 est,
1693 2855 1834 2903 tunc
1861 2849 2138 2923 temporis
2165 2847 2364 2908 hostes

157 2930 468 2989 Israelitici
511 2931 713 3009 populi
760 2931 823 2988 in
869 2932 1049 2991 armis
1090 2929 1305 3005 fuisse,
1371 2947 1443 2987 ac
1480 2927 1849 2989 vehementer
1893 2931 1987 2990 illi
2025 2932 2364 3007 insultasse,

155 3016 495 3094 praesertim
538 3019 673 3093 quia
712 3017 777 3074 in
811 3013 960 3077 Jova
991 3025 1441 3093 spemaeponeret.
1523 3013 1727 3092 Neque
1767 3025 1958 3075 tamen
1999 3013 2110 3092 hoc
2149 3017 2364 3075 sufficit

158 3097 237 3167 ad
270 3101 543 3159 carminis
574 3099 715 3159 faeti
756 3111 980 3177 tempus
1013 3103 1343 3161 accuratius
1382 3098 1785 3160 definiendum.
1868 3099 1985 3170 Qui
2015 3097 2366 3161 Davidicum

155 3184 529 3260 existimant,
564 3186 660 3244 rel
687 3182 1100 3245 Jebusaeorum
1128 3185 1501 3244 insultationi
1530 3202 1598 3244 ac
1626 3184 1972 3264 gloriationi
2005 3181 2076 3243 de
2104 3186 2363 3265 ipsorum

157 3269 274 3328 diis
316 3264 387 3346 (2
400 3268 557 3335 Sam.
587 3269 651 3343 5,
681 3267 772 3350 6.)
812 3274 1140 3349 oppositum
1178 3270 1573 3342 arbitrantur,
1632 3270 1727 3327 vel
1760 3287 1959 3346 preces
2003 3270 2368 3344 existimant,
2453 3331 2459 3340 ,

156 3369 301 3429 quas
344 3350 597 3414 Davides
636 3358 1004 3433 usurpaverit
1045 3357 1111 3415 in
1146 3356 1327 3414 exilio
1362 3354 1748 3428 Ais-alonim,
1798 3372 1975 3430 quum
2008 3353 2073 3410 in
2101 3353 2368 3432 Galilaea

156 3435 376 3496 Peraea
405 3441 700 3513 exularet,
761 3452 821 3499 et
859 3442 924 3500 in
962 3442 1151 3499 limite
1189 3442 1357 3520 regni
1396 3442 1527 3513 sui,
1582 3438 1685 3496 ubi
1719 3449 1850 3497 erat
1886 3437 2201 3497 confinium
2235 3458 2366 3498 cum

153 3521 449 3579 idolorum
484 3524 841 3598 cultoribus;
892 3535 960 3582 ut
991 3525 1317 3606 συγχρονός
1357 3525 1436 3582 sit
1471 3524 1567 3582 hic
1598 3521 1859 3581 Psalmus
1892 3525 1991 3580 42.
2077 3524 2193 3591 Qui
2225 3531 2366 3582 vero

152 3601 506 3663 Davidieum
537 3624 660 3664 esse
693 3626 813 3665 non
845 3607 1086 3684 putant,
1137 3629 1337 3667 eorum
1379 3610 1482 3666 alii
1523 3608 1597 3665 ad
1637 3599 1879 3666 Hiskiae
1917 3616 2175 3683 tempora
2215 3608 2367 3666 refe*

152 3697 337 3760 runt,
393 3698 450 3745 et
480 3701 682 3748 contra
714 3688 1025 3766 Rabsacis,
1065 3690 1672 3770 Assyriorumducis,
1716 3693 1921 3767 impias
1955 3692 2365 3749 insultationes

154 3771 443 3831 directum
486 3776 696 3832 volunt
735 3776 984 3832 maxime
1027 3773 1098 3835 ob
1133 3776 1375 3835 Versum
1406 3778 1504 3847 2.‚
1564 3769 1700 3833 coll.
1734 3794 1865 3832 cum
1905 3765 2107 3854 2Reg.
2135 3776 2232 3848 18,
2266 3766 2364 3833 32'.

155 3858 262 3916 33.
293 3859 430 3932 34.;
492 3861 598 3916 alii
627 3857 1007 3919 Mardochaeo
1040 3870 1098 3918 et
1129 3857 1412 3919 Estherae
1441 3861 1743 3932 tribuunt,
1786 3877 1958 3935 quum
1992 3858 2222 3916 naman
2251 3864 2369 3918 tol-

152 3940 279 4000 lere
330 3939 679 4012 Iudaeorum
733 3952 961 4024 gentem
1019 3936 1341 4002 moliretur.
1426 3943 1543 4003 Sed
1587 3942 1818 4001 videtur
1868 3942 2184 4001 acrioribus
2236 3933 2369 4022 post

154 4027 405 4086 reditum
442 4047 514 4086 ex
543 4028 865 4106 Babylonia
894 4028 1249 4105 temporibus
1278 4028 1466 4086 factus
1499 4046 1639 4086 esse.
1678 4027 1830 4088 'Nam
1868 4023 2110 4084 deorum
2138 4032 2368 4089 vanitas

152 4114 356 4170 eodem
389 4113 508 4171 fere
536 4115 727 4186 modo,
761 4131 876 4190 quo
912 4113 975 4170 in
1002 4114 1323 4190 posteriore
1350 4114 1489 4170 libri
1521 4112 1773 4186 Jesajani
1809 4120 1973 4189 parte
2002 4105 2369 4172 describitur.

323 4197 394 4255 ln
427 4197 672 4274 Syriaca
703 4209 874 4275 atque
904 4197 1540 4256 GraecaAlexandrina
1567 4198 2065 4272 interpretatione,
2096 4198 2169 4255 ad
2199 4216 2370 4274 quam
2396 4263 2403 4278 .

150 4279 417 4360 Vulgata
445 4282 674 4357 Latina,
711 4282 959 4343 Arabica
991 4292 1051 4339 et
1077 4280 1416 4357 Aethiopica
1444 4300 1749 4358 expressae
1781 4290 1941 4354 aunt,
1984 4279 2081 4340 hic
2110 4280 2369 4339 Psalmus

148 4379 288 4510 ουῗ
315 4369 688 4509 ρῖιεῗοεᾱοῐιεο
720 4369 1060 4445 conjunctus
1092 4375 1212 4444 αις
1268 4378 1329 4427 et
1358 4366 1593 4430 Kimchi
1624 4377 1859 4512 nssonet,
1896 4365 2050 4426 bunc
2076 4365 2372 4426 Psalmum

284 4468 354 4509 sa
431 4470 470 4510 ι.
1720 4468 1757 4510 r
