<?xml version="1.0" encoding="UTF-8"?>
<!DOCTYPE html PUBLIC "-//W3C//DTD XHTML 1.0 Transitional//EN"
    "http://www.w3.org/TR/xhtml1/DTD/xhtml1-transitional.dtd">
<html xmlns="http://www.w3.org/1999/xhtml" xml:lang="en" lang="en">
 <head>
  <title>
</title>
<meta http-equiv="Content-Type" content="text/html;charset=utf-8" />
  <meta name='ocr-system' content='tesseract 3.04.00' />
  <meta name='ocr-capabilities' content='ocr_page ocr_carea ocr_par ocr_line ocrx_word'/>
</head>
<body>
  <div class='ocr_page' id='page_1' title='image "./ernfridcarrosen02rosegoog_0072.png"; bbox 0 0 2747 4800; ppageno 0'>
   <div class='ocr_carea' id='block_1_1' title="bbox 378 184 1908 366">
    <p class='ocr_par' dir='ltr' id='par_1_1' title="bbox 378 184 1908 366">
     <span class='ocr_line' id='line_1_1' title="bbox 378 184 1908 366; baseline -0.004 -57"><span class='ocrx_word' id='word_1_1' title='bbox 378 231 479 310; x_wconf 82' lang='lat'><strong>64</strong></span> <span class='ocrx_word' id='word_1_2' title='bbox 537 201 543 209; x_wconf 63' lang='grc'><em>’</em></span> <span class='ocrx_word' id='word_1_3' title='bbox 996 184 997 191; x_wconf 19' lang='lat'>¹</span> <span class='ocrx_word' id='word_1_4' title='bbox 1055 244 1181 310; x_wconf 62' lang='lat' dir='ltr'><strong>Pe.</strong></span> <span class='ocrx_word' id='word_1_5' title='bbox 1235 263 1299 333; x_wconf 89' lang='lat'><strong>7,</strong></span> <span class='ocrx_word' id='word_1_6' title='bbox 1354 202 1465 366; x_wconf 31' lang='lat'><strong>¹11⁶8.</strong></span> <span class='ocrx_word' id='word_1_7' title='bbox 1552 243 1678 313; x_wconf 60' lang='lat' dir='ltr'><strong>P..</strong></span> <span class='ocrx_word' id='word_1_8' title='bbox 1725 238 1791 326; x_wconf 85' lang='lat'><strong>8,</strong></span> <span class='ocrx_word' id='word_1_9' title='bbox 1839 256 1908 305; x_wconf 75' lang='lat'><strong>2.</strong></span> 
     </span>
    </p>
   </div>
   <div class='ocr_carea' id='block_1_2' title="bbox 374 410 2589 758">
    <p class='ocr_par' dir='ltr' id='par_1_2' title="bbox 374 410 2589 758">
     <span class='ocr_line' id='line_1_2' title="bbox 377 410 2586 506; baseline -0 -23"><span class='ocrx_word' id='word_1_10' title='bbox 377 418 727 496; x_wconf 70' lang='lat' dir='ltr'><strong>vates&#39;suit,</strong></span> <span class='ocrx_word' id='word_1_11' title='bbox 785 426 917 483; x_wconf 90' lang='lat' dir='ltr'><strong>coll.</strong></span> <span class='ocrx_word' id='word_1_12' title='bbox 961 424 1166 483; x_wconf 88' lang='lat' dir='ltr'><strong>lSam.</strong></span> <span class='ocrx_word' id='word_1_13' title='bbox 1201 428 1305 498; x_wconf 81' lang='lat'><strong>31,</strong></span> <span class='ocrx_word' id='word_1_14' title='bbox 1334 426 1398 482; x_wconf 77' lang='lat'><strong>4.</strong></span> <span class='ocrx_word' id='word_1_15' title='bbox 1439 448 1535 468; x_wconf 85' lang='lat'><strong>·—-</strong></span> <span class='ocrx_word' id='word_1_16' title='bbox 1606 425 1704 484; x_wconf 85' lang='lat'><strong>18.</strong></span> <span class='ocrx_word' id='word_1_17' title='bbox 1750 426 1953 506; x_wconf 63' lang='grc' dir='ltr'><strong>ἸΡἾΞζΞ</strong></span> <span class='ocrx_word' id='word_1_18' title='bbox 2001 410 2161 497; x_wconf 54' lang='lat'><strong>3⁴27?</strong></span> <span class='ocrx_word' id='word_1_19' title='bbox 2208 422 2374 497; x_wconf 62' lang='grc' dir='ltr'><strong>ΠἹἿΝ</strong></span> <span class='ocrx_word' id='word_1_20' title='bbox 2421 422 2586 482; x_wconf 82' lang='lat' dir='ltr'><strong>Cele-</strong></span> 
     </span>
     <span class='ocr_line' id='line_1_3' title="bbox 380 488 2589 587; baseline 0 -21"><span class='ocrx_word' id='word_1_21' title='bbox 380 510 560 566; x_wconf 79' lang='lat' dir='ltr'><strong>brabo</strong></span> <span class='ocrx_word' id='word_1_22' title='bbox 599 508 809 567; x_wconf 83' lang='lat' dir='ltr'><strong>Jovam</strong></span> <span class='ocrx_word' id='word_1_23' title='bbox 856 510 1167 567; x_wconf 80' lang='lat' dir='ltr'><strong>secundum</strong></span> <span class='ocrx_word' id='word_1_24' title='bbox 1200 510 1519 582; x_wconf 59' lang='lat' dir='ltr'><strong>jutitiam</strong></span> <span class='ocrx_word' id='word_1_25' title='bbox 1558 528 1758 583; x_wconf 79' lang='lat' dir='ltr'><strong>suam,</strong></span> <span class='ocrx_word' id='word_1_26' title='bbox 1809 491 1878 568; x_wconf 71' lang='lat' dir='ltr'><strong>u&#39;t</strong></span> <span class='ocrx_word' id='word_1_27' title='bbox 1928 488 2167 587; x_wconf 71' lang='lat' dir='ltr'><strong>dign&#39;un&#39;t</strong></span> <span class='ocrx_word' id='word_1_28' title='bbox 2216 498 2305 565; x_wconf 76' lang='lat' dir='ltr'><strong>est</strong></span> <span class='ocrx_word' id='word_1_29' title='bbox 2356 511 2589 582; x_wconf 81' lang='lat' dir='ltr'><strong>justitia</strong></span> 
     </span>
     <span class='ocr_line' id='line_1_4' title="bbox 375 591 2583 673; baseline 0 -22"><span class='ocrx_word' id='word_1_30' title='bbox 375 597 529 667; x_wconf 84' lang='lat' dir='ltr'><strong>ejus,</strong></span> <span class='ocrx_word' id='word_1_31' title='bbox 572 594 804 671; x_wconf 79' lang='lat' dir='ltr'><strong>quando</strong></span> <span class='ocrx_word' id='word_1_32' title='bbox 843 595 1146 653; x_wconf 72' lang='lat' dir='ltr'><strong><em>exercebit</em></strong></span> <span class='ocrx_word' id='word_1_33' title='bbox 1174 594 1481 669; x_wconf 75' lang='lat' dir='ltr'><strong>judicium</strong></span> <span class='ocrx_word' id='word_1_34' title='bbox 1523 603 1868 665; x_wconf 69' lang='lat' dir='ltr'><strong>extremum,</strong></span> <span class='ocrx_word' id='word_1_35' title='bbox 1909 603 1979 651; x_wconf 74' lang='lat' dir='ltr'><strong>ut</strong></span> <span class='ocrx_word' id='word_1_36' title='bbox 2003 591 2249 667; x_wconf 71' lang='lat' dir='ltr'><strong>judiqot</strong></span> <span class='ocrx_word' id='word_1_37' title='bbox 2287 592 2583 673; x_wconf 71' lang='lat' dir='ltr'><strong>improbos</strong></span> 
     </span>
     <span class='ocr_line' id='line_1_5' title="bbox 374 670 2424 758; baseline -0 -22"><span class='ocrx_word' id='word_1_38' title='bbox 374 678 687 737; x_wconf 78' lang='lat' dir='ltr'><strong>secundum</strong></span> <span class='ocrx_word' id='word_1_39' title='bbox 726 676 1188 758; x_wconf 75' lang='lat' dir='ltr'><em>improbitatem,</em></span> <span class='ocrx_word' id='word_1_40' title='bbox 1228 689 1295 737; x_wconf 88' lang='lat' dir='ltr'><strong>ut</strong></span> <span class='ocrx_word' id='word_1_41' title='bbox 1326 674 1525 739; x_wconf 81' lang='lat' dir='ltr'><strong>Jarchi</strong></span> <span class='ocrx_word' id='word_1_42' title='bbox 1559 681 1771 757; x_wconf 88' lang='lat' dir='ltr'><strong>inquit.</strong></span> <span class='ocrx_word' id='word_1_43' title='bbox 2017 686 2024 689; x_wconf 85' lang='grc'><em>“</em></span> <span class='ocrx_word' id='word_1_44' title='bbox 2405 670 2424 686; x_wconf 82' lang='lat'><em>&#39;</em></span> 
     </span>
    </p>
   </div>
   <div class='ocr_carea' id='block_1_3' title="bbox 1363 867 1592 928">
    <p class='ocr_par' dir='ltr' id='par_1_3' title="bbox 1363 867 1592 928">
     <span class='ocr_line' id='line_1_6' title="bbox 1363 867 1592 928; baseline -0.013 0"><span class='ocrx_word' id='word_1_45' title='bbox 1363 867 1476 928; x_wconf 66' lang='grc' dir='ltr'><strong>ΡΒ.</strong></span> <span class='ocrx_word' id='word_1_46' title='bbox 1535 871 1592 928; x_wconf 86' lang='grc'><strong>8.</strong></span> 
     </span>
    </p>
   </div>
   <div class='ocr_carea' id='block_1_4' title="bbox 298 980 2660 4394">
    <p class='ocr_par' dir='ltr' id='par_1_4' title="bbox 314 980 2660 3740">
     <span class='ocr_line' id='line_1_7' title="bbox 541 980 2579 1067; baseline 0.001 -24"><span class='ocrx_word' id='word_1_47' title='bbox 541 981 805 1044; x_wconf 75' lang='lat' dir='ltr'><strong>celebrat</strong></span> <span class='ocrx_word' id='word_1_48' title='bbox 847 994 1019 1062; x_wconf 88' lang='lat' dir='ltr'><strong>poeta</strong></span> <span class='ocrx_word' id='word_1_49' title='bbox 1054 980 1168 1042; x_wconf 91' lang='lat' dir='ltr'><strong>Dei</strong></span> <span class='ocrx_word' id='word_1_50' title='bbox 1209 987 1736 1067; x_wconf 82' lang='lat' dir='ltr'><strong>magnificentiam,</strong></span> <span class='ocrx_word' id='word_1_51' title='bbox 1801 984 2025 1061; x_wconf 81' lang='lat' dir='ltr'><strong>quain</strong></span> <span class='ocrx_word' id='word_1_52' title='bbox 2073 986 2286 1059; x_wconf 84' lang='lat' dir='ltr'><strong>coelis,</strong></span> <span class='ocrx_word' id='word_1_53' title='bbox 2354 988 2467 1064; x_wconf 85' lang='lat' dir='ltr'><strong>qua</strong></span> <span class='ocrx_word' id='word_1_54' title='bbox 2513 989 2579 1047; x_wconf 88' lang='lat' dir='ltr'><strong>in</strong></span> 
     </span>
     <span class='ocr_line' id='line_1_8' title="bbox 371 1069 2578 1151; baseline 0 -22"><span class='ocrx_word' id='word_1_55' title='bbox 371 1069 544 1129; x_wconf 82' lang='lat' dir='ltr'><strong>terris</strong></span> <span class='ocrx_word' id='word_1_56' title='bbox 586 1071 802 1144; x_wconf 85' lang='lat' dir='ltr'><strong>elucet,</strong></span> <span class='ocrx_word' id='word_1_57' title='bbox 852 1072 1104 1128; x_wconf 78' lang='lat' dir='ltr'>maxime</span> <span class='ocrx_word' id='word_1_58' title='bbox 1134 1089 1273 1129; x_wconf 81' lang='lat' dir='ltr'><strong>vero</strong></span> <span class='ocrx_word' id='word_1_59' title='bbox 1311 1073 1432 1146; x_wconf 84' lang='lat' dir='ltr'><strong>ejus</strong></span> <span class='ocrx_word' id='word_1_60' title='bbox 1457 1071 1874 1151; x_wconf 74' lang='lat' dir='ltr'><strong>benignitatem</strong></span> <span class='ocrx_word' id='word_1_61' title='bbox 1903 1070 2096 1143; x_wconf 88' lang='lat' dir='ltr'><strong>canit,</strong></span> <span class='ocrx_word' id='word_1_62' title='bbox 2141 1088 2254 1145; x_wconf 86' lang='lat' dir='ltr'><strong>qua</strong></span> <span class='ocrx_word' id='word_1_63' title='bbox 2284 1069 2578 1131; x_wconf 87' lang='lat' dir='ltr'><strong>hominem</strong></span> 
     </span>
     <span class='ocr_line' id='line_1_9' title="bbox 368 1154 2575 1229; baseline 0.001 -17"><span class='ocrx_word' id='word_1_64' title='bbox 368 1164 486 1212; x_wconf 83' lang='lat' dir='ltr'><strong>tam</strong></span> <span class='ocrx_word' id='word_1_65' title='bbox 540 1155 793 1213; x_wconf 86' lang='lat' dir='ltr'><strong>nobilem</strong></span> <span class='ocrx_word' id='word_1_66' title='bbox 848 1165 1175 1212; x_wconf 85' lang='lat' dir='ltr'><strong>creaturam</strong></span> <span class='ocrx_word' id='word_1_67' title='bbox 1217 1174 1341 1212; x_wconf 90' lang='lat' dir='ltr'><strong>esse</strong></span> <span class='ocrx_word' id='word_1_68' title='bbox 1382 1158 1603 1228; x_wconf 83' lang='lat' dir='ltr'><strong>voluit,</strong></span> <span class='ocrx_word' id='word_1_69' title='bbox 1665 1164 1732 1212; x_wconf 89' lang='lat' dir='ltr'><strong>ut</strong></span> <span class='ocrx_word' id='word_1_70' title='bbox 1772 1154 1886 1211; x_wconf 88' lang='lat' dir='ltr'><strong>sibi</strong></span> <span class='ocrx_word' id='word_1_71' title='bbox 1939 1155 2048 1229; x_wconf 83' lang='lat' dir='ltr'><strong>ipsi</strong></span> <span class='ocrx_word' id='word_1_72' title='bbox 2091 1155 2300 1211; x_wconf 83' lang='lat' dir='ltr'><strong>similis</strong></span> <span class='ocrx_word' id='word_1_73' title='bbox 2346 1159 2459 1227; x_wconf 84' lang='lat' dir='ltr'><strong>sit,</strong></span> <span class='ocrx_word' id='word_1_74' title='bbox 2514 1166 2575 1214; x_wconf 85' lang='lat' dir='ltr'><strong>et</strong></span> 
     </span>
     <span class='ocr_line' id='line_1_10' title="bbox 365 1232 2573 1318; baseline 0.001 -22"><span class='ocrx_word' id='word_1_75' title='bbox 365 1232 622 1315; x_wconf 78' lang='lat' dir='ltr'><strong>praestet</strong></span> <span class='ocrx_word' id='word_1_76' title='bbox 663 1246 833 1315; x_wconf 89' lang='lat' dir='ltr'><strong>atque</strong></span> <span class='ocrx_word' id='word_1_77' title='bbox 874 1240 1117 1314; x_wconf 84' lang='lat' dir='ltr'><strong>imperet</strong></span> <span class='ocrx_word' id='word_1_78' title='bbox 1150 1241 1407 1318; x_wconf 81' lang='lat' dir='ltr'><strong>reliquis.</strong></span> <span class='ocrx_word' id='word_1_79' title='bbox 1492 1238 1666 1315; x_wconf 86' lang='lat' dir='ltr'><strong>Cujus</strong></span> <span class='ocrx_word' id='word_1_80' title='bbox 1709 1239 2118 1315; x_wconf 80' lang='lat' dir='ltr'><strong>celebrationis</strong></span> <span class='ocrx_word' id='word_1_81' title='bbox 2165 1240 2395 1297; x_wconf 87' lang='lat' dir='ltr'><strong>initium</strong></span> <span class='ocrx_word' id='word_1_82' title='bbox 2429 1240 2573 1298; x_wconf 82' lang='lat' dir='ltr'><strong>facit</strong></span> 
     </span>
     <span class='ocr_line' id='line_1_11' title="bbox 365 1323 2571 1398; baseline -0 -17"><span class='ocrx_word' id='word_1_83' title='bbox 365 1325 437 1381; x_wconf 87' lang='lat' dir='ltr'><strong>ab</strong></span> <span class='ocrx_word' id='word_1_84' title='bbox 471 1331 659 1379; x_wconf 87' lang='lat' dir='ltr'><strong>aetate</strong></span> <span class='ocrx_word' id='word_1_85' title='bbox 694 1332 928 1395; x_wconf 87' lang='lat' dir='ltr'><strong>tenera,</strong></span> <span class='ocrx_word' id='word_1_86' title='bbox 981 1324 1135 1398; x_wconf 87' lang='lat' dir='ltr'><strong>quod</strong></span> <span class='ocrx_word' id='word_1_87' title='bbox 1179 1326 1244 1381; x_wconf 92' lang='lat' dir='ltr'><strong>in</strong></span> <span class='ocrx_word' id='word_1_88' title='bbox 1280 1324 1601 1385; x_wconf 85' lang='lat' dir='ltr'><strong>infantibus</strong></span> <span class='ocrx_word' id='word_1_89' title='bbox 1644 1325 1816 1381; x_wconf 88' lang='lat' dir='ltr'><strong>etiam</strong></span> <span class='ocrx_word' id='word_1_90' title='bbox 1857 1335 2085 1391; x_wconf 83' lang='lat' dir='ltr'><strong>exserat</strong></span> <span class='ocrx_word' id='word_1_91' title='bbox 2120 1341 2182 1379; x_wconf 83' lang='lat' dir='ltr'><strong>se</strong></span> <span class='ocrx_word' id='word_1_92' title='bbox 2213 1323 2571 1382; x_wconf 85' lang='lat' dir='ltr'><strong>admirabilis</strong></span> 
     </span>
     <span class='ocr_line' id='line_1_12' title="bbox 360 1405 2572 1488; baseline -0 -22"><span class='ocrx_word' id='word_1_93' title='bbox 360 1408 624 1484; x_wconf 86' lang='lat' dir='ltr'><strong>potentia</strong></span> <span class='ocrx_word' id='word_1_94' title='bbox 650 1405 798 1481; x_wconf 82' lang='lat' dir='ltr'><strong>Dei,</strong></span> <span class='ocrx_word' id='word_1_95' title='bbox 854 1417 913 1466; x_wconf 92' lang='lat' dir='ltr'><strong>et</strong></span> <span class='ocrx_word' id='word_1_96' title='bbox 948 1406 1089 1465; x_wconf 87' lang='lat' dir='ltr'><strong>haec</strong></span> <span class='ocrx_word' id='word_1_97' title='bbox 1129 1411 1301 1467; x_wconf 84' lang='lat' dir='ltr'><strong>ctiam</strong></span> <span class='ocrx_word' id='word_1_98' title='bbox 1341 1418 1503 1466; x_wconf 83' lang='lat' dir='ltr'><strong>aetas</strong></span> <span class='ocrx_word' id='word_1_99' title='bbox 1542 1410 1797 1488; x_wconf 83' lang='lat' dir='ltr'><strong>gloriam</strong></span> <span class='ocrx_word' id='word_1_100' title='bbox 1826 1406 1940 1464; x_wconf 90' lang='lat' dir='ltr'><strong>Dei</strong></span> <span class='ocrx_word' id='word_1_101' title='bbox 1982 1420 2142 1465; x_wconf 88' lang='lat' dir='ltr'><strong>muto</strong></span> <span class='ocrx_word' id='word_1_102' title='bbox 2173 1425 2274 1464; x_wconf 87' lang='lat' dir='ltr'><strong>ore</strong></span> <span class='ocrx_word' id='word_1_103' title='bbox 2305 1409 2572 1481; x_wconf 82' lang='lat' dir='ltr'><strong>celebret,</strong></span> 
     </span>
     <span class='ocr_line' id='line_1_13' title="bbox 362 1490 2568 1571; baseline 0 -22"><span class='ocrx_word' id='word_1_104' title='bbox 362 1493 428 1549; x_wconf 88' lang='lat' dir='ltr'><strong>in</strong></span> <span class='ocrx_word' id='word_1_105' title='bbox 456 1490 629 1548; x_wconf 86' lang='lat' dir='ltr'><strong>rebus</strong></span> <span class='ocrx_word' id='word_1_106' title='bbox 664 1509 809 1566; x_wconf 89' lang='lat' dir='ltr'><strong>quae</strong></span> <span class='ocrx_word' id='word_1_107' title='bbox 844 1501 981 1549; x_wconf 72' lang='lat' dir='ltr'><strong>cum&#39;</strong></span> <span class='ocrx_word' id='word_1_108' title='bbox 1020 1493 1164 1566; x_wconf 87' lang='lat' dir='ltr'><strong>ipsis</strong></span> <span class='ocrx_word' id='word_1_109' title='bbox 1204 1493 1392 1566; x_wconf 79' lang='lat' dir='ltr'><strong>fiunt3</strong></span> <span class='ocrx_word' id='word_1_110' title='bbox 1445 1504 1620 1571; x_wconf 88' lang='lat' dir='ltr'><strong>atque</strong></span> <span class='ocrx_word' id='word_1_111' title='bbox 1661 1491 1799 1549; x_wconf 89' lang='lat' dir='ltr'><strong>hinc</strong></span> <span class='ocrx_word' id='word_1_112' title='bbox 1842 1493 2213 1570; x_wconf 67' lang='lat' dir='ltr'>progreditur</span> <span class='ocrx_word' id='word_1_113' title='bbox 2255 1493 2327 1550; x_wconf 91' lang='lat' dir='ltr'><strong>ad</strong></span> <span class='ocrx_word' id='word_1_114' title='bbox 2375 1502 2568 1552; x_wconf 89' lang='lat' dir='ltr'><strong>cetera</strong></span> 
     </span>
     <span class='ocr_line' id='line_1_14' title="bbox 359 1574 2564 1654; baseline 0.001 -21"><span class='ocrx_word' id='word_1_115' title='bbox 359 1574 637 1647; x_wconf 82' lang='lat' dir='ltr'><strong>beneficia</strong></span> <span class='ocrx_word' id='word_1_116' title='bbox 664 1574 915 1633; x_wconf 88' lang='lat' dir='ltr'><strong>humano</strong></span> <span class='ocrx_word' id='word_1_117' title='bbox 943 1578 1146 1654; x_wconf 82' lang='lat' dir='ltr'>generi</span> <span class='ocrx_word' id='word_1_118' title='bbox 1176 1596 1211 1633; x_wconf 88' lang='lat' dir='ltr'><strong>a</strong></span> <span class='ocrx_word' id='word_1_119' title='bbox 1244 1574 1370 1633; x_wconf 90' lang='lat' dir='ltr'><strong>Deo</strong></span> <span class='ocrx_word' id='word_1_120' title='bbox 1402 1595 1689 1635; x_wconf 85' lang='lat' dir='ltr'><strong>concessa.</strong></span> <span class='ocrx_word' id='word_1_121' title='bbox 1739 1607 1817 1625; x_wconf 80' lang='lat'><strong>——-</strong></span> <span class='ocrx_word' id='word_1_122' title='bbox 1863 1576 1994 1643; x_wconf 77' lang='lat' dir='ltr'><strong>Qua</strong></span> <span class='ocrx_word' id='word_1_123' title='bbox 2026 1576 2326 1632; x_wconf 73' lang='lat' dir='ltr'>occasione</span> <span class='ocrx_word' id='word_1_124' title='bbox 2358 1586 2416 1633; x_wconf 90' lang='lat' dir='ltr'><strong>et</strong></span> <span class='ocrx_word' id='word_1_125' title='bbox 2446 1596 2564 1654; x_wconf 86' lang='lat' dir='ltr'><strong>quo</strong></span> 
     </span>
     <span class='ocr_line' id='line_1_15' title="bbox 357 1657 2565 1738; baseline 0.001 -22"><span class='ocrx_word' id='word_1_126' title='bbox 357 1668 617 1733; x_wconf 79' lang='lat' dir='ltr'><strong>tempore</strong></span> <span class='ocrx_word' id='word_1_127' title='bbox 656 1661 1023 1737; x_wconf 51' lang='lat' dir='ltr'><strong>seriptusfsit</strong></span> <span class='ocrx_word' id='word_1_128' title='bbox 1053 1657 1149 1715; x_wconf 87' lang='lat' dir='ltr'><strong>hic</strong></span> <span class='ocrx_word' id='word_1_129' title='bbox 1173 1659 1271 1717; x_wconf 87' lang='lat' dir='ltr'><strong>Ps.</strong></span> <span class='ocrx_word' id='word_1_130' title='bbox 1307 1661 1538 1719; x_wconf 84' lang='lat' dir='ltr'><strong>definiri</strong></span> <span class='ocrx_word' id='word_1_131' title='bbox 1568 1680 1688 1718; x_wconf 91' lang='lat' dir='ltr'><strong>non</strong></span> <span class='ocrx_word' id='word_1_132' title='bbox 1717 1670 1923 1738; x_wconf 83' lang='lat' dir='ltr'><strong>potest.</strong></span> <span class='ocrx_word' id='word_1_133' title='bbox 2005 1659 2193 1730; x_wconf 86' lang='lat' dir='ltr'><strong>Sunt,</strong></span> <span class='ocrx_word' id='word_1_134' title='bbox 2254 1662 2354 1736; x_wconf 92' lang='lat' dir='ltr'><strong>qui</strong></span> <span class='ocrx_word' id='word_1_135' title='bbox 2384 1671 2565 1719; x_wconf 91' lang='lat' dir='ltr'><strong>noctu</strong></span> 
     </span>
     <span class='ocr_line' id='line_1_16' title="bbox 354 1740 2564 1821; baseline 0.001 -23"><span class='ocrx_word' id='word_1_136' title='bbox 354 1741 574 1800; x_wconf 85' lang='lat' dir='ltr'><strong>factum</strong></span> <span class='ocrx_word' id='word_1_137' title='bbox 603 1760 638 1798; x_wconf 91' lang='lat' dir='ltr'><strong>a</strong></span> <span class='ocrx_word' id='word_1_138' title='bbox 667 1740 893 1801; x_wconf 84' lang='lat' dir='ltr'><strong>Davide</strong></span> <span class='ocrx_word' id='word_1_139' title='bbox 920 1742 1303 1821; x_wconf 77' lang='lat' dir='ltr'><strong>suspieentur,</strong></span> <span class='ocrx_word' id='word_1_140' title='bbox 1337 1764 1412 1803; x_wconf 86' lang='lat' dir='ltr'><strong>ex</strong></span> <span class='ocrx_word' id='word_1_141' title='bbox 1439 1748 1731 1802; x_wconf 78' lang='lat' dir='ltr'><strong>mentione</strong></span> <span class='ocrx_word' id='word_1_142' title='bbox 1758 1746 1927 1802; x_wconf 87' lang='lat' dir='ltr'><strong>lunae</strong></span> <span class='ocrx_word' id='word_1_143' title='bbox 1955 1753 2016 1801; x_wconf 88' lang='lat' dir='ltr'><strong>ct</strong></span> <span class='ocrx_word' id='word_1_144' title='bbox 2042 1746 2339 1801; x_wconf 83' lang='lat' dir='ltr'><strong>stellarum</strong></span> <span class='ocrx_word' id='word_1_145' title='bbox 2363 1744 2459 1804; x_wconf 85' lang='lat' dir='ltr'><strong>Vs.</strong></span> <span class='ocrx_word' id='word_1_146' title='bbox 2478 1751 2564 1817; x_wconf 85' lang='lat'><strong>4.,</strong></span> 
     </span>
     <span class='ocr_line' id='line_1_17' title="bbox 356 1827 2562 1905; baseline 0.002 -23"><span class='ocrx_word' id='word_1_147' title='bbox 356 1828 498 1883; x_wconf 81' lang='lat' dir='ltr'><strong>solis</strong></span> <span class='ocrx_word' id='word_1_148' title='bbox 546 1828 840 1885; x_wconf 81' lang='lat' dir='ltr'><strong>mentione</strong></span> <span class='ocrx_word' id='word_1_149' title='bbox 884 1827 1134 1896; x_wconf 85' lang='lat' dir='ltr'><strong>omissa,</strong></span> <span class='ocrx_word' id='word_1_150' title='bbox 1201 1838 1269 1886; x_wconf 92' lang='lat' dir='ltr'><strong>ut</strong></span> <span class='ocrx_word' id='word_1_151' title='bbox 1315 1831 1417 1905; x_wconf 90' lang='lat' dir='ltr'><strong>qui</strong></span> <span class='ocrx_word' id='word_1_152' title='bbox 1459 1830 1685 1887; x_wconf 89' lang='lat' dir='ltr'><strong>coelum</strong></span> <span class='ocrx_word' id='word_1_153' title='bbox 1724 1836 2025 1901; x_wconf 86' lang='lat' dir='ltr'><strong>spectans,</strong></span> <span class='ocrx_word' id='word_1_154' title='bbox 2079 1829 2143 1883; x_wconf 91' lang='lat' dir='ltr'><strong>in</strong></span> <span class='ocrx_word' id='word_1_155' title='bbox 2183 1827 2288 1885; x_wconf 87' lang='lat' dir='ltr'><strong>has</strong></span> <span class='ocrx_word' id='word_1_156' title='bbox 2328 1830 2562 1904; x_wconf 88' lang='lat' dir='ltr'><strong>pietatis</strong></span> 
     </span>
     <span class='ocr_line' id='line_1_18' title="bbox 354 1910 2557 1988; baseline 0.001 -22"><span class='ocrx_word' id='word_1_157' title='bbox 354 1911 867 1969; x_wconf 72' lang='lat' dir='ltr'><strong>commentationes</strong></span> <span class='ocrx_word' id='word_1_158' title='bbox 899 1912 1239 1968; x_wconf 79' lang='lat' dir='ltr'><strong>excurrerit.</strong></span> <span class='ocrx_word' id='word_1_159' title='bbox 1297 1915 1488 1981; x_wconf 79' lang='lat' dir='ltr'><strong>Quum</strong></span> <span class='ocrx_word' id='word_1_160' title='bbox 1513 1915 1767 1988; x_wconf 81' lang='lat' dir='ltr'><strong>scriptor</strong></span> <span class='ocrx_word' id='word_1_161' title='bbox 1796 1913 1904 1987; x_wconf 89' lang='lat' dir='ltr'><strong>Ep.</strong></span> <span class='ocrx_word' id='word_1_162' title='bbox 1932 1911 2005 1970; x_wconf 88' lang='lat' dir='ltr'><strong>ad</strong></span> <span class='ocrx_word' id='word_1_163' title='bbox 2035 1910 2211 1969; x_wconf 85' lang='lat' dir='ltr'><strong>Hebr.</strong></span> <span class='ocrx_word' id='word_1_164' title='bbox 2246 1910 2329 1984; x_wconf 85' lang='lat'><strong>(2,</strong></span> <span class='ocrx_word' id='word_1_165' title='bbox 2349 1911 2389 1970; x_wconf 87' lang='grc'><strong>6</strong></span> <span class='ocrx_word' id='word_1_166' title='bbox 2407 1945 2479 1957; x_wconf 92' lang='grc'>-</span> <span class='ocrx_word' id='word_1_167' title='bbox 2497 1914 2557 1972; x_wconf 90' lang='grc'><strong>9.</strong></span> 
     </span>
     <span class='ocr_line' id='line_1_19' title="bbox 352 1991 2560 2071; baseline 0.002 -22"><span class='ocrx_word' id='word_1_168' title='bbox 352 1995 484 2051; x_wconf 90' lang='lat' dir='ltr'><strong>coll.</strong></span> <span class='ocrx_word' id='word_1_169' title='bbox 515 1996 543 2050; x_wconf 92' lang='lat'>1</span> <span class='ocrx_word' id='word_1_170' title='bbox 568 1991 704 2051; x_wconf 88' lang='lat' dir='ltr'><strong>Cor.</strong></span> <span class='ocrx_word' id='word_1_171' title='bbox 739 1994 835 2068; x_wconf 81' lang='lat'><strong>15,</strong></span> <span class='ocrx_word' id='word_1_172' title='bbox 866 1997 965 2052; x_wconf 85' lang='lat'><strong>27.</strong></span> <span class='ocrx_word' id='word_1_173' title='bbox 993 1995 1122 2066; x_wconf 82' lang='lat'><strong>28.)</strong></span> <span class='ocrx_word' id='word_1_174' title='bbox 1155 1994 1280 2052; x_wconf 86' lang='lat' dir='ltr'><strong>Vss.</strong></span> <span class='ocrx_word' id='word_1_175' title='bbox 1319 1998 1376 2053; x_wconf 81' lang='grc'><strong>6.</strong></span> <span class='ocrx_word' id='word_1_176' title='bbox 1411 1998 1471 2053; x_wconf 89' lang='grc'><strong>7.</strong></span> <span class='ocrx_word' id='word_1_177' title='bbox 1506 1996 1576 2054; x_wconf 85' lang='lat' dir='ltr'><strong>de</strong></span> <span class='ocrx_word' id='word_1_178' title='bbox 1602 1995 1759 2069; x_wconf 86' lang='lat' dir='ltr'><strong>Jesu,</strong></span> <span class='ocrx_word' id='word_1_179' title='bbox 1799 1994 2033 2066; x_wconf 88' lang='lat' dir='ltr'><strong>Messia,</strong></span> <span class='ocrx_word' id='word_1_180' title='bbox 2073 1996 2360 2071; x_wconf 84' lang='lat' dir='ltr'><strong>loquendo</strong></span> <span class='ocrx_word' id='word_1_181' title='bbox 2387 2014 2560 2055; x_wconf 88' lang='lat' dir='ltr'><strong>usur-</strong></span> 
     </span>
     <span class='ocr_line' id='line_1_20' title="bbox 349 2072 2560 2160; baseline 0.002 -27"><span class='ocrx_word' id='word_1_182' title='bbox 349 2080 609 2153; x_wconf 80' lang='lat' dir='ltr'><strong>paverit,</strong></span> <span class='ocrx_word' id='word_1_183' title='bbox 660 2081 833 2137; x_wconf 89' lang='lat' dir='ltr'><strong>multi</strong></span> <span class='ocrx_word' id='word_1_184' title='bbox 877 2072 949 2136; x_wconf 83' lang='lat' dir='ltr'><strong>ex</strong></span> <span class='ocrx_word' id='word_1_185' title='bbox 993 2077 1343 2137; x_wconf 86' lang='lat' dir='ltr'><strong>Christianis</strong></span> <span class='ocrx_word' id='word_1_186' title='bbox 1383 2083 1629 2160; x_wconf 79' lang='lat' dir='ltr'><strong>interpp.</strong></span> <span class='ocrx_word' id='word_1_187' title='bbox 1669 2098 1703 2136; x_wconf 86' lang='lat' dir='ltr'><strong>a</strong></span> <span class='ocrx_word' id='word_1_188' title='bbox 1735 2089 1904 2155; x_wconf 88' lang='lat' dir='ltr'><strong>poeta</strong></span> <span class='ocrx_word' id='word_1_189' title='bbox 1941 2077 2208 2136; x_wconf 77' lang='lat' dir='ltr'><strong>Messinm</strong></span> <span class='ocrx_word' id='word_1_190' title='bbox 2238 2087 2560 2154; x_wconf 86' lang='lat' dir='ltr'><strong>spectatum</strong></span> 
     </span>
     <span class='ocr_line' id='line_1_21' title="bbox 347 2162 2559 2242; baseline 0.001 -25"><span class='ocrx_word' id='word_1_191' title='bbox 347 2171 603 2231; x_wconf 87' lang='lat' dir='ltr'><strong>censent,</strong></span> <span class='ocrx_word' id='word_1_192' title='bbox 645 2165 853 2242; x_wconf 85' lang='lat' dir='ltr'><strong>quippe</strong></span> <span class='ocrx_word' id='word_1_193' title='bbox 890 2163 984 2218; x_wconf 89' lang='lat' dir='ltr'><strong>cui</strong></span> <span class='ocrx_word' id='word_1_194' title='bbox 1018 2162 1331 2221; x_wconf 89' lang='lat' dir='ltr'><strong>dominium</strong></span> <span class='ocrx_word' id='word_1_195' title='bbox 1366 2166 1427 2219; x_wconf 92' lang='lat' dir='ltr'><strong>in</strong></span> <span class='ocrx_word' id='word_1_196' title='bbox 1453 2165 1650 2220; x_wconf 88' lang='lat' dir='ltr'><strong>omnia</strong></span> <span class='ocrx_word' id='word_1_197' title='bbox 1681 2179 2009 2227; x_wconf 83' lang='lat' dir='ltr'><strong>concessum</strong></span> <span class='ocrx_word' id='word_1_198' title='bbox 2042 2171 2213 2231; x_wconf 82' lang='lat' dir='ltr'><strong>esset,</strong></span> <span class='ocrx_word' id='word_1_199' title='bbox 2251 2173 2559 2238; x_wconf 78' lang='lat' dir='ltr'><strong>postquam</strong></span> 
     </span>
     <span class='ocr_line' id='line_1_22' title="bbox 346 2242 2558 2323; baseline 0 -23"><span class='ocrx_word' id='word_1_200' title='bbox 346 2258 452 2318; x_wconf 86' lang='lat' dir='ltr'><strong>per</strong></span> <span class='ocrx_word' id='word_1_201' title='bbox 482 2245 653 2303; x_wconf 76' lang='lat' dir='ltr'><strong>breve</strong></span> <span class='ocrx_word' id='word_1_202' title='bbox 683 2256 904 2323; x_wconf 88' lang='lat' dir='ltr'><strong>tempus</strong></span> <span class='ocrx_word' id='word_1_203' title='bbox 936 2244 1243 2303; x_wconf 85' lang='lat' dir='ltr'><strong>humanam</strong></span> <span class='ocrx_word' id='word_1_204' title='bbox 1280 2246 1671 2323; x_wconf 82' lang='lat' dir='ltr'><strong>conditionem</strong></span> <span class='ocrx_word' id='word_1_205' title='bbox 1706 2245 2098 2302; x_wconf 68' lang='lat' dir='ltr'><strong>sustinuisset.</strong></span> <span class='ocrx_word' id='word_1_206' title='bbox 2155 2242 2245 2301; x_wconf 88' lang='lat' dir='ltr'><strong>De</strong></span> <span class='ocrx_word' id='word_1_207' title='bbox 2274 2262 2387 2322; x_wconf 90' lang='lat' dir='ltr'><strong>qua</strong></span> <span class='ocrx_word' id='word_1_208' title='bbox 2419 2262 2558 2301; x_wconf 82' lang='lat' dir='ltr'><strong>sen-</strong></span> 
     </span>
     <span class='ocr_line' id='line_1_23' title="bbox 345 2328 2604 2404; baseline 0 -19"><span class='ocrx_word' id='word_1_209' title='bbox 345 2330 532 2385; x_wconf 86' lang='lat' dir='ltr'><strong>tentia</strong></span> <span class='ocrx_word' id='word_1_210' title='bbox 570 2331 934 2389; x_wconf 77' lang='lat' dir='ltr'><strong>verissimum</strong></span> <span class='ocrx_word' id='word_1_211' title='bbox 965 2329 1247 2404; x_wconf 85' lang='lat' dir='ltr'><strong>judicium</strong></span> <span class='ocrx_word' id='word_1_212' title='bbox 1282 2329 1684 2391; x_wconf 65' lang='lat' dir='ltr'><strong>R‘vmmossaus</strong></span> <span class='ocrx_word' id='word_1_213' title='bbox 1729 2330 1947 2387; x_wconf 79' lang='lat' dir='ltr'><strong>dixisse</strong></span> <span class='ocrx_word' id='word_1_214' title='bbox 1976 2328 2239 2385; x_wconf 82' lang='lat' dir='ltr'><strong>videtur:</strong></span> <span class='ocrx_word' id='word_1_215' title='bbox 2293 2358 2426 2402; x_wconf 90' lang='lat'><strong>‚,—</strong></span> <span class='ocrx_word' id='word_1_216' title='bbox 2471 2359 2550 2371; x_wconf 90' lang='lat'><em>-</em></span> <span class='ocrx_word' id='word_1_217' title='bbox 2597 2364 2604 2369; x_wconf 93' lang='lat'>-</span> 
     </span>
     <span class='ocr_line' id='line_1_24' title="bbox 342 2412 2556 2496; baseline 0 -27"><span class='ocrx_word' id='word_1_218' title='bbox 342 2430 529 2488; x_wconf 86' lang='lat' dir='ltr'><strong>neque</strong></span> <span class='ocrx_word' id='word_1_219' title='bbox 569 2415 880 2490; x_wconf 83' lang='lat' dir='ltr'><strong>quidquam</strong></span> <span class='ocrx_word' id='word_1_220' title='bbox 910 2434 1132 2496; x_wconf 26' lang='lat' dir='ltr'><strong>&#39;pense</strong></span> <span class='ocrx_word' id='word_1_221' title='bbox 1183 2415 1391 2478; x_wconf 82' lang='lat' dir='ltr'><strong>habere</strong></span> <span class='ocrx_word' id='word_1_222' title='bbox 1434 2415 1723 2472; x_wconf 86' lang='lat' dir='ltr'><strong>Psalmum</strong></span> <span class='ocrx_word' id='word_1_223' title='bbox 1768 2414 1863 2471; x_wconf 82' lang='lat' dir='ltr'><strong>vel</strong></span> <span class='ocrx_word' id='word_1_224' title='bbox 1883 2412 2269 2488; x_wconf 66' lang='lat' dir='ltr'><strong>prophetiae,</strong></span> <span class='ocrx_word' id='word_1_225' title='bbox 2339 2413 2431 2470; x_wconf 77' lang='lat' dir='ltr'><strong>vel</strong></span> <span class='ocrx_word' id='word_1_226' title='bbox 2478 2412 2556 2484; x_wconf 84' lang='lat' dir='ltr'><strong>de</strong></span> 
     </span>
     <span class='ocr_line' id='line_1_25' title="bbox 344 2494 2660 2578; baseline -0 -23"><span class='ocrx_word' id='word_1_227' title='bbox 344 2494 614 2571; x_wconf 86' lang='lat' dir='ltr'><strong>Christo,</strong></span> <span class='ocrx_word' id='word_1_228' title='bbox 670 2499 765 2556; x_wconf 82' lang='lat' dir='ltr'><strong>vel</strong></span> <span class='ocrx_word' id='word_1_229' title='bbox 803 2499 873 2556; x_wconf 91' lang='lat' dir='ltr'><strong>de</strong></span> <span class='ocrx_word' id='word_1_230' title='bbox 910 2517 1093 2578; x_wconf 80' lang='lat' dir='ltr'><strong>regno</strong></span> <span class='ocrx_word' id='word_1_231' title='bbox 1137 2502 1277 2574; x_wconf 88' lang='lat' dir='ltr'><strong>ejus.</strong></span> <span class='ocrx_word' id='word_1_232' title='bbox 1361 2500 1531 2568; x_wconf 78' lang='lat' dir='ltr'><strong>Quod</strong></span> <span class='ocrx_word' id='word_1_233' title='bbox 1563 2498 1716 2556; x_wconf 85' lang='lat' dir='ltr'><strong>enim</strong></span> <span class='ocrx_word' id='word_1_234' title='bbox 1741 2496 1844 2575; x_wconf 87' lang='lat' dir='ltr'><strong>Ep.</strong></span> <span class='ocrx_word' id='word_1_235' title='bbox 1880 2497 1952 2554; x_wconf 88' lang='lat' dir='ltr'><strong>ad</strong></span> <span class='ocrx_word' id='word_1_236' title='bbox 1987 2494 2164 2554; x_wconf 82' lang='lat' dir='ltr'><strong>Hebr.</strong></span> <span class='ocrx_word' id='word_1_237' title='bbox 2196 2498 2553 2554; x_wconf 84' lang='lat' dir='ltr'><strong>mentionem</strong></span> <span class='ocrx_word' id='word_1_238' title='bbox 2655 2567 2660 2572; x_wconf 17' lang='grc' dir='ltr'><strong><em>ἡ</em></strong></span> 
     </span>
     <span class='ocr_line' id='line_1_26' title="bbox 342 2579 2552 2659; baseline -0.001 -21"><span class='ocrx_word' id='word_1_239' title='bbox 342 2581 416 2638; x_wconf 88' lang='lat' dir='ltr'><strong>de</strong></span> <span class='ocrx_word' id='word_1_240' title='bbox 459 2581 746 2659; x_wconf 76' lang='lat' dir='ltr'><strong>dignitate</strong></span> <span class='ocrx_word' id='word_1_241' title='bbox 796 2583 1148 2641; x_wconf 83' lang='lat' dir='ltr'><strong>conditionis</strong></span> <span class='ocrx_word' id='word_1_242' title='bbox 1199 2582 1484 2641; x_wconf 90' lang='lat' dir='ltr'><strong>humanae</strong></span> <span class='ocrx_word' id='word_1_243' title='bbox 1538 2583 1614 2641; x_wconf 91' lang='lat' dir='ltr'><strong>ad</strong></span> <span class='ocrx_word' id='word_1_244' title='bbox 1657 2580 1984 2654; x_wconf 85' lang='lat' dir='ltr'><strong>Christum,</strong></span> <span class='ocrx_word' id='word_1_245' title='bbox 2045 2581 2227 2638; x_wconf 84' lang='lat' dir='ltr'><strong>filium</strong></span> <span class='ocrx_word' id='word_1_246' title='bbox 2275 2579 2552 2653; x_wconf 82' lang='lat' dir='ltr'><strong>hominis,</strong></span> 
     </span>
     <span class='ocr_line' id='line_1_27' title="bbox 340 2653 2552 2743; baseline 0 -21"><span class='ocrx_word' id='word_1_247' title='bbox 340 2668 772 2740; x_wconf 87' lang='lat' dir='ltr'><strong>accommodat,</strong></span> <span class='ocrx_word' id='word_1_248' title='bbox 824 2678 883 2725; x_wconf 92' lang='lat' dir='ltr'><strong>et</strong></span> <span class='ocrx_word' id='word_1_249' title='bbox 919 2667 1278 2743; x_wconf 79' lang='lat' dir='ltr'><strong>prophetiam</strong></span> <span class='ocrx_word' id='word_1_250' title='bbox 1320 2666 1472 2724; x_wconf 88' lang='lat' dir='ltr'><strong>hanc</strong></span> <span class='ocrx_word' id='word_1_251' title='bbox 1509 2665 1757 2724; x_wconf 70' lang='lat' dir='ltr'><strong>facit&#39;de</strong></span> <span class='ocrx_word' id='word_1_252' title='bbox 1788 2653 2193 2723; x_wconf 77' lang='lat' dir='ltr'><strong>humiliatione</strong></span> <span class='ocrx_word' id='word_1_253' title='bbox 2228 2663 2429 2741; x_wconf 86' lang='lat' dir='ltr'><strong>hujus,</strong></span> <span class='ocrx_word' id='word_1_254' title='bbox 2485 2665 2552 2724; x_wconf 81' lang='lat' dir='ltr'><strong>id</strong></span> 
     </span>
     <span class='ocr_line' id='line_1_28' title="bbox 336 2748 2552 2831; baseline 0.001 -25"><span class='ocrx_word' id='word_1_255' title='bbox 336 2748 509 2807; x_wconf 86' lang='lat' dir='ltr'><strong>habet</strong></span> <span class='ocrx_word' id='word_1_256' title='bbox 547 2749 932 2830; x_wconf 67' lang='lat' dir='ltr'><strong>deflexionem</strong></span> <span class='ocrx_word' id='word_1_257' title='bbox 968 2749 1399 2829; x_wconf 63' lang='lat' dir='ltr'><strong>anagogicam,</strong></span> <span class='ocrx_word' id='word_1_258' title='bbox 1443 2763 1500 2809; x_wconf 88' lang='lat' dir='ltr'><strong>et</strong></span> <span class='ocrx_word' id='word_1_259' title='bbox 1533 2751 1870 2831; x_wconf 77' lang='lat' dir='ltr'><strong>allegoriam</strong></span> <span class='ocrx_word' id='word_1_260' title='bbox 1900 2749 2302 2822; x_wconf 80' lang='lat' dir='ltr'><strong>manifestam,</strong></span> <span class='ocrx_word' id='word_1_261' title='bbox 2339 2760 2407 2807; x_wconf 86' lang='lat' dir='ltr'><strong>ut</strong></span> <span class='ocrx_word' id='word_1_262' title='bbox 2436 2748 2552 2808; x_wconf 82' lang='lat' dir='ltr'><strong>hac</strong></span> 
     </span>
     <span class='ocr_line' id='line_1_29' title="bbox 338 2832 2550 2911; baseline 0.001 -22"><span class='ocrx_word' id='word_1_263' title='bbox 338 2832 408 2890; x_wconf 92' lang='lat' dir='ltr'><strong>de</strong></span> <span class='ocrx_word' id='word_1_264' title='bbox 439 2851 612 2892; x_wconf 88' lang='lat' dir='ltr'><strong>causa</strong></span> <span class='ocrx_word' id='word_1_265' title='bbox 642 2837 930 2893; x_wconf 83' lang='lat' dir='ltr'><strong>sententia</strong></span> <span class='ocrx_word' id='word_1_266' title='bbox 959 2838 1267 2894; x_wconf 82' lang='lat' dir='ltr'><strong>verborum</strong></span> <span class='ocrx_word' id='word_1_267' title='bbox 1304 2835 1462 2901; x_wconf 70' lang='lat' dir='ltr'><strong>hebr.</strong></span> <span class='ocrx_word' id='word_1_268' title='bbox 1497 2837 1714 2911; x_wconf 86' lang='lat' dir='ltr'><strong>prima,</strong></span> <span class='ocrx_word' id='word_1_269' title='bbox 1751 2835 2062 2893; x_wconf 86' lang='lat' dir='ltr'><strong>secundum</strong></span> <span class='ocrx_word' id='word_1_270' title='bbox 2093 2853 2192 2904; x_wconf 86' lang='lat' dir='ltr'><strong>ca,</strong></span> <span class='ocrx_word' id='word_1_271' title='bbox 2234 2852 2378 2910; x_wconf 88' lang='lat' dir='ltr'><strong>quae</strong></span> <span class='ocrx_word' id='word_1_272' title='bbox 2405 2844 2550 2892; x_wconf 85' lang='lat' dir='ltr'><strong>sunt</strong></span> 
     </span>
     <span class='ocr_line' id='line_1_30' title="bbox 335 2917 2547 2998; baseline 0.001 -23"><span class='ocrx_word' id='word_1_273' title='bbox 335 2919 401 2975; x_wconf 87' lang='lat' dir='ltr'><strong>in</strong></span> <span class='ocrx_word' id='word_1_274' title='bbox 425 2917 532 2994; x_wconf 87' lang='lat' dir='ltr'><strong>Ep.</strong></span> <span class='ocrx_word' id='word_1_275' title='bbox 566 2919 639 2977; x_wconf 86' lang='lat' dir='ltr'><strong>ad</strong></span> <span class='ocrx_word' id='word_1_276' title='bbox 669 2919 877 2993; x_wconf 71' lang='lat' dir='ltr'><strong>Helm,</strong></span> <span class='ocrx_word' id='word_1_277' title='bbox 928 2919 1320 2998; x_wconf 87' lang='lat' dir='ltr'><strong>detorquenda</strong></span> <span class='ocrx_word' id='word_1_278' title='bbox 1347 2939 1469 2978; x_wconf 90' lang='lat' dir='ltr'><strong>non</strong></span> <span class='ocrx_word' id='word_1_279' title='bbox 1498 2921 1780 2979; x_wconf 84' lang='lat' dir='ltr'><strong>videatur.</strong></span> <span class='ocrx_word' id='word_1_280' title='bbox 1825 2951 1906 2964; x_wconf 90' lang='lat'>-</span> <span class='ocrx_word' id='word_1_281' title='bbox 1942 2951 2016 2962; x_wconf 93' lang='grc'>-</span> <span class='ocrx_word' id='word_1_282' title='bbox 2077 2921 2236 2988; x_wconf 79' lang='lat' dir='ltr'><strong>Quae</strong></span> <span class='ocrx_word' id='word_1_283' title='bbox 2274 2920 2428 2976; x_wconf 89' lang='lat' dir='ltr'><strong>enim</strong></span> <span class='ocrx_word' id='word_1_284' title='bbox 2471 2919 2547 2977; x_wconf 85' lang='lat' dir='ltr'><strong>de</strong></span> 
     </span>
     <span class='ocr_line' id='line_1_31' title="bbox 330 2997 2547 3083; baseline 0 -24"><span class='ocrx_word' id='word_1_285' title='bbox 330 2997 587 3060; x_wconf 86' lang='lat' dir='ltr'><strong>hominis</strong></span> <span class='ocrx_word' id='word_1_286' title='bbox 614 3007 969 3080; x_wconf 86' lang='lat' dir='ltr'><strong>praestantia</strong></span> <span class='ocrx_word' id='word_1_287' title='bbox 996 3006 1289 3077; x_wconf 84' lang='lat' dir='ltr'><strong>dicuutur,</strong></span> <span class='ocrx_word' id='word_1_288' title='bbox 1320 3024 1388 3062; x_wconf 88' lang='lat' dir='ltr'><strong>ea</strong></span> <span class='ocrx_word' id='word_1_289' title='bbox 1416 3005 1589 3062; x_wconf 84' lang='lat' dir='ltr'><strong>etiam</strong></span> <span class='ocrx_word' id='word_1_290' title='bbox 1621 3001 1690 3060; x_wconf 88' lang='lat' dir='ltr'><strong>de</strong></span> <span class='ocrx_word' id='word_1_291' title='bbox 1715 3002 1934 3062; x_wconf 87' lang='lat' dir='ltr'><strong>Christi</strong></span> <span class='ocrx_word' id='word_1_292' title='bbox 1966 3001 2219 3061; x_wconf 84' lang='lat' dir='ltr'><strong>hominis</strong></span> <span class='ocrx_word' id='word_1_293' title='bbox 2255 3003 2547 3083; x_wconf 77' lang='lat' dir='ltr'><strong>dignitate</strong></span> 
     </span>
     <span class='ocr_line' id='line_1_32' title="bbox 330 3085 2543 3163; baseline -0 -17"><span class='ocrx_word' id='word_1_294' title='bbox 330 3105 472 3146; x_wconf 78' lang='lat' dir='ltr'><strong>vera</strong></span> <span class='ocrx_word' id='word_1_295' title='bbox 512 3097 671 3146; x_wconf 88' lang='lat' dir='ltr'><strong>sunt.</strong></span> <span class='ocrx_word' id='word_1_296' title='bbox 723 3122 793 3133; x_wconf 92' lang='lat'><strong>-—</strong></span> <span class='ocrx_word' id='word_1_297' title='bbox 825 3120 905 3135; x_wconf 90' lang='lat'><strong>·—</strong></span> <span class='ocrx_word' id='word_1_298' title='bbox 947 3089 1028 3148; x_wconf 91' lang='lat' dir='ltr'><strong>Et</strong></span> <span class='ocrx_word' id='word_1_299' title='bbox 1061 3102 1252 3147; x_wconf 84' lang='lat' dir='ltr'><strong>tamen</strong></span> <span class='ocrx_word' id='word_1_300' title='bbox 1289 3091 1392 3147; x_wconf 85' lang='lat' dir='ltr'><strong>illa</strong></span> <span class='ocrx_word' id='word_1_301' title='bbox 1421 3089 1492 3146; x_wconf 89' lang='lat' dir='ltr'><strong>ad</strong></span> <span class='ocrx_word' id='word_1_302' title='bbox 1524 3087 1819 3146; x_wconf 83' lang='lat' dir='ltr'><strong>Hebraeos</strong></span> <span class='ocrx_word' id='word_1_303' title='bbox 1851 3089 1919 3145; x_wconf 86' lang='lat' dir='ltr'><strong>de</strong></span> <span class='ocrx_word' id='word_1_304' title='bbox 1952 3087 2062 3145; x_wconf 89' lang='lat' dir='ltr'><strong>hoc</strong></span> <span class='ocrx_word' id='word_1_305' title='bbox 2092 3087 2189 3145; x_wconf 72' lang='lat'><strong>1²⁸.</strong></span> <span class='ocrx_word' id='word_1_306' title='bbox 2221 3085 2543 3163; x_wconf 83' lang='lat' dir='ltr'><strong>disputatio</strong></span> 
     </span>
     <span class='ocr_line' id='line_1_33' title="bbox 328 3172 2544 3254; baseline 0.002 -28"><span class='ocrx_word' id='word_1_307' title='bbox 328 3182 389 3228; x_wconf 85' lang='lat' dir='ltr'><strong>et</strong></span> <span class='ocrx_word' id='word_1_308' title='bbox 413 3172 667 3230; x_wconf 85' lang='lat' dir='ltr'><strong>Graecos</strong></span> <span class='ocrx_word' id='word_1_309' title='bbox 695 3172 1060 3254; x_wconf 82' lang='lat' dir='ltr'><strong>Theologos,</strong></span> <span class='ocrx_word' id='word_1_310' title='bbox 1119 3182 1180 3230; x_wconf 92' lang='lat' dir='ltr'><strong>et</strong></span> <span class='ocrx_word' id='word_1_311' title='bbox 1221 3186 1454 3233; x_wconf 84' lang='lat' dir='ltr'><strong>nostros</strong></span> <span class='ocrx_word' id='word_1_312' title='bbox 1494 3175 1673 3230; x_wconf 86' lang='lat' dir='ltr'><strong>etiam</strong></span> <span class='ocrx_word' id='word_1_313' title='bbox 1714 3175 1960 3251; x_wconf 87' lang='lat' dir='ltr'><strong>interpp.</strong></span> <span class='ocrx_word' id='word_1_314' title='bbox 1993 3174 2297 3248; x_wconf 82' lang='lat' dir='ltr'><strong>plerosque</strong></span> <span class='ocrx_word' id='word_1_315' title='bbox 2331 3191 2401 3229; x_wconf 91' lang='lat' dir='ltr'><strong>eo</strong></span> <span class='ocrx_word' id='word_1_316' title='bbox 2434 3172 2544 3230; x_wconf 82' lang='lat' dir='ltr'><strong>ab·</strong></span> 
     </span>
     <span class='ocr_line' id='line_1_34' title="bbox 329 3248 2543 3337; baseline 0.001 -26"><span class='ocrx_word' id='word_1_317' title='bbox 329 3255 518 3328; x_wconf 83' lang='lat' dir='ltr'><strong>duxit,</strong></span> <span class='ocrx_word' id='word_1_318' title='bbox 560 3267 627 3314; x_wconf 89' lang='lat' dir='ltr'><strong>ut</strong></span> <span class='ocrx_word' id='word_1_319' title='bbox 653 3261 720 3316; x_wconf 88' lang='lat' dir='ltr'><strong>de</strong></span> <span class='ocrx_word' id='word_1_320' title='bbox 753 3248 987 3317; x_wconf 79' lang='lat' dir='ltr'><strong>Christo</strong></span> <span class='ocrx_word' id='word_1_321' title='bbox 1022 3270 1080 3316; x_wconf 89' lang='lat' dir='ltr'><strong>et</strong></span> <span class='ocrx_word' id='word_1_322' title='bbox 1105 3277 1290 3337; x_wconf 81' lang='lat' dir='ltr'><strong>regno</strong></span> <span class='ocrx_word' id='word_1_323' title='bbox 1323 3261 1445 3332; x_wconf 85' lang='lat' dir='ltr'><strong>ejus</strong></span> <span class='ocrx_word' id='word_1_324' title='bbox 1477 3257 1844 3330; x_wconf 85' lang='lat' dir='ltr'><strong>simpliciter,</strong></span> <span class='ocrx_word' id='word_1_325' title='bbox 1888 3267 1947 3316; x_wconf 88' lang='lat' dir='ltr'><strong>et</strong></span> <span class='ocrx_word' id='word_1_326' title='bbox 1976 3275 2099 3314; x_wconf 87' lang='lat' dir='ltr'><strong>non</strong></span> <span class='ocrx_word' id='word_1_327' title='bbox 2129 3267 2196 3313; x_wconf 90' lang='lat' dir='ltr'><strong>ut</strong></span> <span class='ocrx_word' id='word_1_328' title='bbox 2228 3258 2290 3314; x_wconf 91' lang='lat' dir='ltr'><strong>in</strong></span> <span class='ocrx_word' id='word_1_329' title='bbox 2317 3258 2543 3336; x_wconf 82' lang='lat' dir='ltr'><strong>allego-</strong></span> 
     </span>
     <span class='ocr_line' id='line_1_35' title="bbox 323 3340 2540 3419; baseline 0.002 -24"><span class='ocrx_word' id='word_1_330' title='bbox 323 3340 417 3396; x_wconf 88' lang='lat' dir='ltr'><strong>ria</strong></span> <span class='ocrx_word' id='word_1_331' title='bbox 451 3358 578 3397; x_wconf 86' lang='lat' dir='ltr'><strong>cum</strong></span> <span class='ocrx_word' id='word_1_332' title='bbox 614 3343 1165 3419; x_wconf 84' lang='lat' dir='ltr'><strong>interpretarentur,</strong></span> <span class='ocrx_word' id='word_1_333' title='bbox 1216 3345 1309 3401; x_wconf 77' lang='lat' dir='ltr'><strong>vel</strong></span> <span class='ocrx_word' id='word_1_334' title='bbox 1338 3344 1516 3401; x_wconf 87' lang='lat' dir='ltr'><strong>etiam</strong></span> <span class='ocrx_word' id='word_1_335' title='bbox 1547 3341 1764 3398; x_wconf 89' lang='lat' dir='ltr'><strong>nullam</strong></span> <span class='ocrx_word' id='word_1_336' title='bbox 1797 3343 1970 3400; x_wconf 73' lang='lat' dir='ltr'><strong>eiiam</strong></span> <span class='ocrx_word' id='word_1_337' title='bbox 2002 3341 2540 3416; x_wconf 79' lang='lat' dir='ltr'><strong>interpretationem</strong></span> 
     </span>
     <span class='ocr_line' id='line_1_36' title="bbox 324 3424 2544 3506; baseline 0.002 -26"><span class='ocrx_word' id='word_1_338' title='bbox 324 3424 712 3486; x_wconf 86' lang='lat' dir='ltr'><strong>admitterent.</strong></span> <span class='ocrx_word' id='word_1_339' title='bbox 795 3429 981 3504; x_wconf 84' lang='lat' dir='ltr'><strong>Atque</strong></span> <span class='ocrx_word' id='word_1_340' title='bbox 1015 3428 1100 3484; x_wconf 88' lang='lat' dir='ltr'><strong>ita</strong></span> <span class='ocrx_word' id='word_1_341' title='bbox 1131 3437 1190 3485; x_wconf 93' lang='lat' dir='ltr'><strong>et</strong></span> <span class='ocrx_word' id='word_1_342' title='bbox 1216 3429 1331 3484; x_wconf 88' lang='lat' dir='ltr'><strong>sibi</strong></span> <span class='ocrx_word' id='word_1_343' title='bbox 1366 3429 1509 3500; x_wconf 88' lang='lat' dir='ltr'><strong>ipsis</strong></span> <span class='ocrx_word' id='word_1_344' title='bbox 1550 3426 1876 3500; x_wconf 81' lang='lat' dir='ltr'><strong>explicandi</strong></span> <span class='ocrx_word' id='word_1_345' title='bbox 1913 3436 1973 3484; x_wconf 89' lang='lat' dir='ltr'><strong>et</strong></span> <span class='ocrx_word' id='word_1_346' title='bbox 2005 3426 2137 3482; x_wconf 85' lang='lat' dir='ltr'><strong>aliis</strong></span> <span class='ocrx_word' id='word_1_347' title='bbox 2167 3425 2544 3506; x_wconf 80' lang='lat' dir='ltr'><strong>intelligendi</strong></span> 
     </span>
     <span class='ocr_line' id='line_1_37' title="bbox 320 3508 2538 3592; baseline 0.003 -30"><span class='ocrx_word' id='word_1_348' title='bbox 320 3508 581 3566; x_wconf 86' lang='lat' dir='ltr'><strong>laborem</strong></span> <span class='ocrx_word' id='word_1_349' title='bbox 608 3521 666 3568; x_wconf 88' lang='lat' dir='ltr'><strong>et</strong></span> <span class='ocrx_word' id='word_1_350' title='bbox 696 3511 1084 3570; x_wconf 86' lang='lat' dir='ltr'><strong>difficultatem</strong></span> <span class='ocrx_word' id='word_1_351' title='bbox 1120 3523 1421 3592; x_wconf 81' lang='lat' dir='ltr'><strong>augerent,</strong></span> <span class='ocrx_word' id='word_1_352' title='bbox 1467 3531 1617 3583; x_wconf 88' lang='lat' dir='ltr'><strong>cum,</strong></span> <span class='ocrx_word' id='word_1_353' title='bbox 1660 3511 1776 3568; x_wconf 85' lang='lat' dir='ltr'><strong>nisi</strong></span> <span class='ocrx_word' id='word_1_354' title='bbox 1804 3512 1959 3589; x_wconf 85' lang='lat' dir='ltr'><strong>quod</strong></span> <span class='ocrx_word' id='word_1_355' title='bbox 1987 3512 2049 3567; x_wconf 90' lang='lat' dir='ltr'><strong>in</strong></span> <span class='ocrx_word' id='word_1_356' title='bbox 2080 3508 2234 3567; x_wconf 89' lang='lat' dir='ltr'><strong>hunc</strong></span> <span class='ocrx_word' id='word_1_357' title='bbox 2261 3509 2538 3583; x_wconf 83' lang='lat' dir='ltr'><strong>infertur,</strong></span> 
     </span>
     <span class='ocr_line' id='line_1_38' title="bbox 317 3590 2541 3670; baseline 0.001 -21"><span class='ocrx_word' id='word_1_358' title='bbox 317 3590 653 3668; x_wconf 84' lang='lat' dir='ltr'><strong>prophetiae</strong></span> <span class='ocrx_word' id='word_1_359' title='bbox 696 3607 799 3658; x_wconf 84' lang='lat' dir='ltr'><strong>aut</strong></span> <span class='ocrx_word' id='word_1_360' title='bbox 837 3595 907 3653; x_wconf 89' lang='lat' dir='ltr'><strong>de</strong></span> <span class='ocrx_word' id='word_1_361' title='bbox 936 3594 1168 3656; x_wconf 86' lang='lat' dir='ltr'><strong>Christo</strong></span> <span class='ocrx_word' id='word_1_362' title='bbox 1202 3605 1263 3654; x_wconf 90' lang='lat' dir='ltr'><strong>et</strong></span> <span class='ocrx_word' id='word_1_363' title='bbox 1295 3596 1559 3659; x_wconf 78' lang='lat' dir='ltr'><strong>Ecclesia</strong></span> <span class='ocrx_word' id='word_1_364' title='bbox 1598 3596 1722 3670; x_wconf 84' lang='lat' dir='ltr'><strong>ejus</strong></span> <span class='ocrx_word' id='word_1_365' title='bbox 1766 3596 2095 3669; x_wconf 86' lang='lat' dir='ltr'><strong>doctrinae,</strong></span> <span class='ocrx_word' id='word_1_366' title='bbox 2149 3610 2254 3667; x_wconf 86' lang='lat' dir='ltr'><strong>per</strong></span> <span class='ocrx_word' id='word_1_367' title='bbox 2286 3613 2348 3654; x_wconf 84' lang='lat' dir='ltr'><strong>sc</strong></span> <span class='ocrx_word' id='word_1_368' title='bbox 2381 3593 2541 3653; x_wconf 83' lang='lat' dir='ltr'><strong>nibil</strong></span> 
     </span>
     <span class='ocr_line' id='line_1_39' title="bbox 314 3674 2155 3740; baseline 0.003 -7"><span class='ocrx_word' id='word_1_369' title='bbox 314 3674 525 3736; x_wconf 85' lang='lat' dir='ltr'><strong>habere</strong></span> <span class='ocrx_word' id='word_1_370' title='bbox 566 3680 912 3740; x_wconf 78' lang='lat' dir='ltr'><strong>vi‹leatur.“</strong></span> <span class='ocrx_word' id='word_1_371' title='bbox 2149 3683 2155 3691; x_wconf 74' lang='grc'><em>“</em></span> 
     </span>
    </p>

    <p class='ocr_par' dir='ltr' id='par_1_5' title="bbox 298 3793 2536 4394">
     <span class='ocr_line' id='line_1_40' title="bbox 436 3793 2536 3881; baseline 0.001 -30"><span class='ocrx_word' id='word_1_372' title='bbox 436 3807 447 3816; x_wconf 89' lang='grc'><strong><em>’</em></strong></span> <span class='ocrx_word' id='word_1_373' title='bbox 485 3796 547 3852; x_wconf 87' lang='lat'><strong>2.</strong></span> <span class='ocrx_word' id='word_1_374' title='bbox 636 3798 782 3881; x_wconf 60' lang='grc' dir='ltr'><strong>Ἶητυ·</strong></span> <span class='ocrx_word' id='word_1_375' title='bbox 820 3798 1063 3874; x_wconf 89' lang='lat' dir='ltr'><strong>interpp.</strong></span> <span class='ocrx_word' id='word_1_376' title='bbox 1101 3793 1256 3855; x_wconf 84' lang='lat' dir='ltr'><strong>haud</strong></span> <span class='ocrx_word' id='word_1_377' title='bbox 1297 3795 1469 3871; x_wconf 90' lang='lat' dir='ltr'><strong>pauci</strong></span> <span class='ocrx_word' id='word_1_378' title='bbox 1503 3799 1755 3857; x_wconf 63' lang='lat' dir='ltr'><strong>nominis</strong></span> <span class='ocrx_word' id='word_1_379' title='bbox 1799 3798 1892 3857; x_wconf 74' lang='lat' dir='ltr'><strong>tui</strong></span> <span class='ocrx_word' id='word_1_380' title='bbox 1917 3795 2192 3870; x_wconf 82' lang='lat' dir='ltr'><strong>famam,</strong></span> <span class='ocrx_word' id='word_1_381' title='bbox 2238 3797 2278 3853; x_wconf 91' lang='lat' dir='ltr'><strong>i.</strong></span> <span class='ocrx_word' id='word_1_382' title='bbox 2307 3814 2359 3856; x_wconf 83' lang='lat' dir='ltr'><strong>e.</strong></span> <span class='ocrx_word' id='word_1_383' title='bbox 2393 3798 2536 3874; x_wconf 82' lang='lat' dir='ltr'><strong>glo-</strong></span> 
     </span>
     <span class='ocr_line' id='line_1_41' title="bbox 312 3879 2528 3961; baseline 0 -23"><span class='ocrx_word' id='word_1_384' title='bbox 312 3880 463 3938; x_wconf 85' lang='lat' dir='ltr'><strong>riam</strong></span> <span class='ocrx_word' id='word_1_385' title='bbox 510 3879 723 3952; x_wconf 80' lang='lat' dir='ltr'><strong>tuam,‘</strong></span> <span class='ocrx_word' id='word_1_386' title='bbox 750 3884 1231 3957; x_wconf 87' lang='lat' dir='ltr'><strong>interpretantur,</strong></span> <span class='ocrx_word' id='word_1_387' title='bbox 1272 3887 1354 3937; x_wconf 80' lang='lat' dir='ltr'><strong>‘ut</strong></span> <span class='ocrx_word' id='word_1_388' title='bbox 1387 3882 1535 3939; x_wconf 88' lang='lat' dir='ltr'><strong>Gen.</strong></span> <span class='ocrx_word' id='word_1_389' title='bbox 1567 3885 1717 3952; x_wconf 67' lang='grc'><strong>6,,4.</strong></span> <span class='ocrx_word' id='word_1_390' title='bbox 1802 3879 2037 3940; x_wconf 87' lang='lat' dir='ltr'><strong>Kimchi</strong></span> <span class='ocrx_word' id='word_1_391' title='bbox 2076 3901 2214 3940; x_wconf 78' lang='lat' dir='ltr'><strong>vero</strong></span> <span class='ocrx_word' id='word_1_392' title='bbox 2253 3879 2346 3961; x_wconf 67' lang='lat' dir='ltr'><strong>nlp‘</strong></span> <span class='ocrx_word' id='word_1_393' title='bbox 2391 3879 2448 3938; x_wconf 91' lang='lat' dir='ltr'><strong>h.</strong></span> <span class='ocrx_word' id='word_1_394' title='bbox 2481 3883 2528 3939; x_wconf 89' lang='lat' dir='ltr'><strong>l.</strong></span> 
     </span>
     <span class='ocr_line' id='line_1_42' title="bbox 309 3964 2530 4046; baseline 0.001 -25"><span class='ocrx_word' id='word_1_395' title='bbox 309 3965 710 4025; x_wconf 86' lang='lat' dir='ltr'><strong>tantummodo</strong></span> <span class='ocrx_word' id='word_1_396' title='bbox 744 3969 872 4024; x_wconf 90' lang='lat' dir='ltr'><strong>loco</strong></span> <span class='ocrx_word' id='word_1_397' title='bbox 902 3968 1264 4042; x_wconf 87' lang='lat' dir='ltr'><strong>pronominis</strong></span> <span class='ocrx_word' id='word_1_398' title='bbox 1293 3966 1544 4040; x_wconf 83' lang='lat' dir='ltr'><strong>positum</strong></span> <span class='ocrx_word' id='word_1_399' title='bbox 1574 3971 1807 4046; x_wconf 85' lang='lat' dir='ltr'><strong>accipit,</strong></span> <span class='ocrx_word' id='word_1_400' title='bbox 1848 3966 1903 4024; x_wconf 89' lang='lat' dir='ltr'><strong>h.</strong></span> <span class='ocrx_word' id='word_1_401' title='bbox 1932 3983 2013 4023; x_wconf 68' lang='grc' dir='ltr'><strong>ιε</strong></span> <span class='ocrx_word' id='word_1_402' title='bbox 2059 3985 2232 4043; x_wconf 79' lang='lat' dir='ltr'><strong>quam</strong></span> <span class='ocrx_word' id='word_1_403' title='bbox 2265 3964 2530 4042; x_wconf 71' lang='lat' dir='ltr'><strong>grandis</strong></span> 
     </span>
     <span class='ocr_line' id='line_1_43' title="bbox 308 4048 2526 4135; baseline 0.003 -31"><span class='ocrx_word' id='word_1_404' title='bbox 308 4066 375 4107; x_wconf 82' lang='lat' dir='ltr'><strong>es</strong></span> <span class='ocrx_word' id='word_1_405' title='bbox 421 4048 533 4135; x_wconf 66' lang='lat' dir='ltr'><strong>tu(</strong></span> <span class='ocrx_word' id='word_1_406' title='bbox 587 4052 723 4127; x_wconf 81' lang='lat' dir='ltr'><strong>quia</strong></span> <span class='ocrx_word' id='word_1_407' title='bbox 753 4068 962 4109; x_wconf 85' lang='lat' dir='ltr'><strong>nomen</strong></span> <span class='ocrx_word' id='word_1_408' title='bbox 993 4052 1113 4124; x_wconf 78' lang='lat' dir='ltr'><strong>ejus</strong></span> <span class='ocrx_word' id='word_1_409' title='bbox 1142 4061 1232 4108; x_wconf 88' lang='lat' dir='ltr'><strong>est</strong></span> <span class='ocrx_word' id='word_1_410' title='bbox 1264 4054 1537 4125; x_wconf 82' lang='lat' dir='ltr'><strong>ipsemet,</strong></span> <span class='ocrx_word' id='word_1_411' title='bbox 1578 4062 1636 4111; x_wconf 91' lang='lat' dir='ltr'><strong>et</strong></span> <span class='ocrx_word' id='word_1_412' title='bbox 1667 4056 1787 4131; x_wconf 86' lang='lat' dir='ltr'><strong>ipse</strong></span> <span class='ocrx_word' id='word_1_413' title='bbox 1818 4061 1907 4110; x_wconf 86' lang='lat' dir='ltr'><strong>est</strong></span> <span class='ocrx_word' id='word_1_414' title='bbox 1936 4068 2147 4108; x_wconf 86' lang='lat' dir='ltr'><strong>nomen</strong></span> <span class='ocrx_word' id='word_1_415' title='bbox 2179 4059 2378 4108; x_wconf 66' lang='lat' dir='ltr'><strong>suum.</strong></span> <span class='ocrx_word' id='word_1_416' title='bbox 2450 4049 2526 4110; x_wconf 79' lang='lat' dir='ltr'><strong>ln</strong></span> 
     </span>
     <span class='ocr_line' id='line_1_44' title="bbox 304 4132 2521 4220; baseline 0.001 -31"><span class='ocrx_word' id='word_1_417' title='bbox 304 4133 501 4190; x_wconf 78' lang='lat' dir='ltr'><strong>verbis</strong></span> <span class='ocrx_word' id='word_1_418' title='bbox 544 4132 929 4215; x_wconf 44' lang='lat' dir='ltr'><strong>&amp;waitz-&#39;³32</strong></span> <span class='ocrx_word' id='word_1_419' title='bbox 972 4139 1136 4220; x_wconf 61' lang='grc' dir='ltr'><strong>Τιῆπ</strong></span> <span class='ocrx_word' id='word_1_420' title='bbox 1184 4145 1310 4196; x_wconf 68' lang='lat' dir='ltr'><strong>mn</strong></span> <span class='ocrx_word' id='word_1_421' title='bbox 1356 4134 1505 4211; x_wconf 55' lang='lat' dir='ltr'><strong>*¹33ss</strong></span> <span class='ocrx_word' id='word_1_422' title='bbox 1540 4155 1666 4194; x_wconf 84' lang='lat' dir='ltr'><strong>voc.</strong></span> <span class='ocrx_word' id='word_1_423' title='bbox 1691 4133 1828 4197; x_wconf 53' lang='lat' dir='ltr'><strong>&#39;mn</strong></span> <span class='ocrx_word' id='word_1_424' title='bbox 1866 4138 2209 4211; x_wconf 87' lang='lat' dir='ltr'><strong>interpretes</strong></span> <span class='ocrx_word' id='word_1_425' title='bbox 2237 4136 2521 4192; x_wconf 85' lang='lat' dir='ltr'><strong>exercuit.</strong></span> 
     </span>
     <span class='ocr_line' id='line_1_45' title="bbox 304 4196 2523 4305; baseline 0.003 -34"><span class='ocrx_word' id='word_1_426' title='bbox 304 4214 471 4273; x_wconf 81' lang='lat' dir='ltr'><strong>Alias</strong></span> <span class='ocrx_word' id='word_1_427' title='bbox 499 4228 590 4275; x_wconf 85' lang='lat' dir='ltr'><strong>est</strong></span> <span class='ocrx_word' id='word_1_428' title='bbox 617 4196 994 4297; x_wconf 62' lang='lat' dir='ltr'><strong>l&#39;h&#39;i&#39;perativus</strong></span> <span class='ocrx_word' id='word_1_429' title='bbox 1022 4202 1184 4279; x_wconf 47' lang='grc' dir='ltr'>ὕοι-δί</span> <span class='ocrx_word' id='word_1_430' title='bbox 1213 4199 1336 4305; x_wconf 58' lang='lat'><strong>3⁷22}</strong></span> <span class='ocrx_word' id='word_1_431' title='bbox 1408 4200 1536 4287; x_wconf 76' lang='lat' dir='ltr'><strong>Qu’a</strong></span> <span class='ocrx_word' id='word_1_432' title='bbox 1569 4204 1981 4279; x_wconf 61' lang='lat' dir='ltr'><strong>forma&#39;thmen</strong></span> <span class='ocrx_word' id='word_1_433' title='bbox 2021 4218 2077 4276; x_wconf 91' lang='lat' dir='ltr'><strong>h.</strong></span> <span class='ocrx_word' id='word_1_434' title='bbox 2110 4221 2148 4277; x_wconf 88' lang='lat' dir='ltr'><strong>l.</strong></span> <span class='ocrx_word' id='word_1_435' title='bbox 2180 4220 2364 4295; x_wconf 85' lang='lat' dir='ltr'><strong>accipi</strong></span> <span class='ocrx_word' id='word_1_436' title='bbox 2396 4236 2523 4278; x_wconf 83' lang='lat' dir='ltr'><strong>non</strong></span> 
     </span>
     <span class='ocr_line' id='line_1_46' title="bbox 298 4303 2520 4394; baseline 0.002 -36"><span class='ocrx_word' id='word_1_437' title='bbox 298 4309 490 4377; x_wconf 80' lang='lat' dir='ltr'><strong>potest</strong></span> <span class='ocrx_word' id='word_1_438' title='bbox 531 4303 603 4362; x_wconf 84' lang='lat' dir='ltr'><strong>ob</strong></span> <span class='ocrx_word' id='word_1_439' title='bbox 648 4305 993 4382; x_wconf 84' lang='lat' dir='ltr'><strong>praecedens</strong></span> <span class='ocrx_word' id='word_1_440' title='bbox 1030 4323 1200 4384; x_wconf 79' lang='lat' dir='ltr'><strong>pron.</strong></span> <span class='ocrx_word' id='word_1_441' title='bbox 1243 4307 1347 4364; x_wconf 87' lang='lat' dir='ltr'><strong>rel.</strong></span> <span class='ocrx_word' id='word_1_442' title='bbox 1390 4303 1555 4394; x_wconf 49' lang='grc' dir='ltr'><strong>Ἷτξᾶᾳι.</strong></span> <span class='ocrx_word' id='word_1_443' title='bbox 1639 4303 1818 4368; x_wconf 82' lang='lat' dir='ltr'><strong>Recte</strong></span> <span class='ocrx_word' id='word_1_444' title='bbox 1859 4313 2052 4365; x_wconf 86' lang='lat' dir='ltr'><strong>autem</strong></span> <span class='ocrx_word' id='word_1_445' title='bbox 2091 4303 2403 4366; x_wconf 69' lang='lat' dir='ltr'><strong>struamus</strong></span> <span class='ocrx_word' id='word_1_446' title='bbox 2449 4306 2520 4362; x_wconf 84' lang='lat' dir='ltr'><strong>in</strong></span> 
     </span>
    </p>
   </div>
  </div>
 </body>
</html>
