2747 4800
896 321 901 328 -
935 286 1057 354 Ρ..
1098 281 1219 375 89,
1269 283 1622 374 37-40.
1807 291 1812 296 ·
2240 290 2392 364 509

351 472 453 530 37.
537 464 766 543 Smen,
807 433 1159 545 posteritas,
1182 468 1318 541 ejus
1358 471 1425 528 in
1462 469 1815 549 per-potants
1853 472 2000 546 erit,
2041 475 2391 550 stabilietur,

181 569 243 618 st
280 556 529 616 thro-uu
559 553 691 627 ejus
723 555 880 612 sim
909 553 1003 613 sol
1028 555 1095 612 in
1130 564 1449 634 conspectu
1478 572 1623 628 meo,
1665 557 1704 612 i·-
1734 574 1789 613 e.
1819 559 1972 615 sicut
1997 552 2393 640 sol‘perpetuo

183 643 452 712 durabit,
492 639 569 697 cf.
613 642 715 712 72,
747 641 841 697 17.
885 641 1018 697 coll.
1051 639 1153 699 Vs.
1186 639 1250 696 5.
1809 639 1810 652 ’

349 752 452 808 38.
514 742 665 837 obj&
710 750 841 830 7¹¹²*-
883 756 1054 841 [1323
1086 739 1255 806 Sicut
1295 747 1437 806 luna
1462 746 1688 822 firmus
1716 751 1840 808 erit
1879 771 1959 810 sc.
1993 752 2240 814 thronus
2269 759 2391 831 ejus

171 845 487 918 perpetuo.
571 830 722 918 Εξῆπ
763 847 865 907 pro
904 829 1134 926 055522,
1170 844 1236 890 ut
1266 852 1441 909 supra
1470 832 1564 890 Vs.
1592 836 1650 891 2.
1736 847 1890 923 3733?-
1928 841 2120 924 pryy‘g
2154 852 2266 918 πῃ
2305 842 2389 900 Et

183 923 364 981 testis
407 920 470 977 iu
512 917 695 989 nube,
754 919 819 974 in
863 903 1066 990 coelo,
1118 917 1314 991 fidas.
1406 915 1641 976 Testem
1690 917 1785 978 hic
1826 920 2009 999 aliqui
2055 909 2393 1006 intelligunt

179 1004 405 1079 Deum,
447 1001 605 1081 quod
631 1021 1062 1078 nonnumquam
1092 1002 1251 1061 Deus
1282 1003 1459 1060 etism
1494 1003 1564 1060 de
1594 1022 1654 1063 se
1688 1005 1815 1079 ipso
1846 1008 1908 1063 in
1942 1008 2116 1065 tertia
2144 1028 2393 1084 persona
2433 1067 2442 1076 ,
2475 1027 2482 1032 ·

136 1149 141 1154 ,
179 1095 486 1169 loquatur3
529 1089 656 1159 alii,
702 1085 1011 1146 subaudita
1040 1098 1177 1148 snte
1204 1102 1289 1169 *12
1313 1088 1715 1147 similitudinis
1745 1093 2032 1165 particula
2066 1100 2131 1164 ³,
2162 1094 2390 1169 itidem,

181 1194 352 1253 quam
394 1173 552 1233 Deus
604 1174 1011 1252 gratise'suae
1062 1191 1168 1230 nec
1208 1174 1454 1231 redituri
1497 1191 1750 1250 unquam
1795 1176 2143 1234 universalis
2184 1179 2389 1239 diluvii
2449 1217 2461 1235 .

178 1262 414 1341 signum
442 1257 629 1330 -fecit,
684 1258 827 1316 Gen.
859 1258 921 1330 9,
951 1259 1013 1315 9.
1047 1258 1342 1315 13—17.
1427 1255 1665 1316 Rectius
1706 1256 1902 1317 Aben-
1924 1260 2109 1319 Esrs:
2167 1304 2207 1336 ,,
2224 1261 2392 1334 Luna

177 1346 346 1404 testis
380 1354 468 1402 est
505 1339 622 1401 fida
660 1343 988 1416 posteritsti
1029 1341 1306 1416 Davidis,
1357 1344 1497 1419 quia
1527 1345 1613 1401 sic
1645 1343 1739 1400 illi
1769 1346 2059 1419 pollicitus
2093 1358 2183 1404 est
2209 1345 2389 1423 Deus,

179 1432 420 1506 stirpem
447 1447 607 1485 suam
640 1437 970 1504 perpetuam
997 1426 1144 1500 fore,
1182 1429 1334 1485 sicut
1366 1437 1457 1485 'est
1482 1428 1680 1487 luns.“
1748 1427 1852 1486 Vel
1886 1431 2129 1488 unitatis
2159 1450 2392 1507 nomen,

177 1526 295 1587 πᾶν,
348 1531 451 1588 per
477 1514 779 1590 enallagen
818 1511 891 1569 ad
927 1523 1234 1588 utrumque
1268 1515 1494 1585 lumen,
1544 1516 1723 1572 solem
1771 1511 1895 1591 (Vs.
1927 1512 2057 1593 37.)
2091 1526 2151 1573 et
2195 1517 2389 1577 lunam

176 1579 607 1669 sicommodm
677 1583 737 1655 Η.
777 1614 857 1654 s.:
925 1607 1200 1674 uterque,
1265 1598 1356 1654 sol
1406 1604 1467 1654 et
1508 1598 1684 1671 luna,
1746 1606 1922 1654 testes
1965 1609 2105 1657 sunt
2152 1598 2390 1674 Davidi,

178 1683 451 1760 quamdiu
483 1681 794 1751 durabunt,
826 1682 1044 1739 tamdiu
1079 1701 1304 1760 quoque
1330 1683 1454 1756 ejus
1482 1700 1729 1763 regnum
1757 1681 2007 1742 durabit.
2064 1683 2151 1742 cf.
2182 1688 2391 1745 similis

177 1768 467 1827 sententia
501 1764 616 1825 Jer.
648 1766 749 1838 33,
780 1767 884 1823 2⁰.
911 1767 1013 1824 21.
1235 1789 1241 1797 ·
1354 1775 1363 1780 “

350 1878 451 1936 39.
535 1876 735 1933 Altera
779 1873 915 1951 'pars
957 1876 1268 1949 carminis,
1323 1893 1472 1951 quse
1518 1876 2045 1952 expostulationem
2087 1895 2216 1936 cum
2261 1877 2392 1936 Deo

181 1964 458 2021 continet.
498 1959 798 2035 Ejusmodi
826 1970 1016 2018 autem
1046 1969 1137 2019 est
1166 1961 1581 2037 expostulatio,
1611 1979 1757 2038 quae
1784 1959 1910 2018 Deo
1942 1962 2171 2019 irritam
2200 1962 2390 2037 fidem,

179 2058 242 2106 et
282 2048 480 2105 inania
521 2047 804 2118 promissa
846 2044 1194 2120 exprobrare
1234 2046 1519 2103 videatur.
1604 2044 1805 2121 ltaque
1843 2047 2011 2103 multi
2041 2044 2389 2105 Iudaeorum

178 2133 504 2206 mirantur,
560 2132 662 2207 qui
688 2145 865 2186 ausus
898 2131 977 2185 sit
1004 2139 1206 2200 vates,
1254 2127 1447 2187 ¹Deum
1477 2131 1562 2187 sic
1590 2131 1827 2207 alloqui.
1913 2129 1993 2187 Et
2021 2130 2389 2191 Aben-Esra

178 2217 485 2290 observat,
542 2214 720 2271 fuisse
759 2215 1073 2289 sapientem
1115 2214 1396 2289 quendam
1442 2223 1501 2271 et
1544 2216 1700 2291 pium
1742 2216 1935 2294 virum
1976 2216 2040 2272 in
2085 2213 2390 2293 Hispania,

180 2302 283 2380 qui
321 2317 429 2358 nec
464 2302 656 2380 legere
697 2317 801 2354 nec
834 2295 1035 2355 audire
1073 2300 1244 2357 vellet
1276 2297 1431 2355 hunc
1456 2297 1763 2357 Psalmum.
1846 2297 2214 2357 Aben-Esra
2250 2320 2388 2358 vero

176 2389 303 2464 ipse
335 2396 541 2467 negat,
596 2403 740 2460 quae
771 2393 1109 2460 sequuntur,
1165 2384 1337 2443 verba
1370 2403 1493 2443 esse
1525 2383 1950 2467 israelitarum,
2005 2383 2104 2443 sed
2134 2382 2389 2444 hostium

176 2491 306 2529 esse
348 2474 468 2545 ait,
527 2472 627 2547 qui
663 2467 849 2525 Deum
889 2466 1174 2546 mendacii
1214 2480 1273 2527 et
1309 2469 1583 2546 perfidiae
1623 2480 1910 2548 arguant,
1961 2479 2134 2549 atquc
2173 2472 2387 2529 idcirco

177 2557 301 2615 dici
345 2568 545 2629 postea
591 2552 719 2629 (Vs.
753 2548 914 2629 51.):
987 2571 1200 2611 memor
1251 2564 1380 2614 esto
1433 2554 1746 2632 opprobrii
1785 2573 2090 2614 servorum
2134 2562 2390 2630 tuorum,

178 2645 220 2700 i.
253 2660 303 2697 e.
336 2660 449 2718 quo
484 2652 539 2697 te
569 2637 879 2697 affecerunt
909 2635 1169 2696 homines
1200 2642 1310 2697 tui.
1394 2639 1510 2697 sed
1536 2654 1693 2698 recte
1727 2650 1924 2697 monet
1950 2637 2204 2712 Kimchi‚
2248 2638 2389 2697 haec

177 2737 238 2785 et
268 2726 385 2783 alia
412 2726 625 2782 similia
657 2722 799 2797 (Ex.
828 2724 931 2795 32,
951 2723 1049 2780 13.
1088 2723 1197 2781 Jes.
1220 2726 1323 2797 63,
1350 2726 1446 2781 17.
1490 2725 1513 2780 l
1540 2722 1684 2802 Reg.
1711 2724 1809 2797 18,
1828 2721 1984 2800 3⁷.),
2027 2740 2171 2800 quae
2195 2725 2389 2781 minus

179 2810 363 2892 digna
391 2807 517 2868 Deo
544 2828 667 2873 esse
695 2807 1051 2879 viderentur,
1083 2826 1157 2864 ex
1185 2809 1360 2877 solito
1395 2809 1668 2885 loquendi
1694 2827 1853 2866 more
1879 2827 2003 2866 esse
2032 2805 2388 2881 accipienda,

179 2907 356 2973 atque
405 2893 807 2953 similitudinis
859 2892 1257 2950 tantummodo
1311 2893 1505 2972 gratia
1555 2892 1732 2949 dicta.
1830 2892 2068 2965 „Poeta
2114 2889 2384 2969 (Kimchi

177 2979 359 3039 verba
396 2975 563 3058 sunt)
601 2980 845 3036 miratus
885 2977 1049 3034 exilii
1093 2974 1594 3057 prolongationem
1635 2977 1719 3034 ita
1758 2979 2050 3053 loquitur:
2110 2976 2388 3051 numquid

179 3083 304 3124 non
345 3076 410 3122 tu
448 3061 822 3138 jurejurando
857 3061 1175 3137 promisisti
1211 3058 1386 3141 regni
1415 3059 1688 3119 Davidici
1722 3055 2181 3137 perennitatem?
2241 3078 2386 3135 quo·-

141 3160 148 3167 “
176 3150 355 3208 modo
390 3150 572 3228 igitur
602 3149 727 3207 fieri
761 3156 971 3223 potest,
1005 3155 1070 3202 ut
1098 3148 1331 3221 penitus
1364 3148 1630 3204 excisum
1659 3164 1784 3203 esse
1811 3165 2057 3226 regnum
2086 3141 2386 3203 videatur?

176 3233 466 3311 siquidem
501 3236 618 3307 jam
655 3251 690 3289 a
721 3241 811 3290 tot
844 3232 1014 3289 annis
1044 3230 1340 3289 lsraelitae
1371 3233 1435 3289 in
1469 3232 1647 3288 exilio
1677 3239 2020 3304 versantur,
2079 3240 2148 3287 ut
2187 3246 2387 3306 parum

176 3318 368 3390 absit,
440 3320 581 3392 quin
621 3317 690 3375 de
732 3315 1127 3390 redemptione
1168 3317 1341 3391 plane
1380 3316 1756 3392 desperent.“
1842 3314 1983 3373 Post
2022 3315 2197 3372 verba
2235 3324 2386 3391 ιπΠξτ

180 3414 408 3495 ῦςλῑηξ
449 3401 820 3461 Aben-Esra
864 3408 1116 3490 ἾῃΨυ,
1173 3421 1247 3459 ex
1281 3402 1464 3459 altero
1495 3399 1893 3475 hemistichio,
1934 3396 2252 3458 subaudien
2296 3381 2394 3456 nini

178 3497 400 3546 monet.
488 3485 581 3546 De
614 3486 792 3546 verbo
832 3496 940 3573 8733
981 3464 1096 3544 vid.
1134 3482 1209 3544 ad
1247 3485 1344 3543 Pa.
1376 3488 1478 3559 60,
1503 3485 1568 3548 3.
1981 3484 1984 3489 ’

349 3609 452 3665 40.
540 3611 707 3687 *pag
765 3609 929 3693 rafim·
977 3602 1213 3692 'maga-23
1262 3599 1593 3674 Rosa-isti,
1655 3601 1888 3660 irritum
1930 3599 2120 3658 fecisti
2160 3598 2390 3674 foedus
2453 3616 2474 3635 ’-

179 3690 348 3749 servi
392 3689 519 3763 tui,
573 3671 618 3747 i‘.
642 3670 691 3744 ἒ.
726 3685 879 3765 quod
912 3687 1051 3743 olim
1079 3705 1207 3744 cum
1245 3705 1415 3744 servo
1445 3697 1546 3745 tuo
1576 3687 1868 3766 pepigisti.
1927 3684 2203 3744 Verbum
2238 3693 2392 3765 5232,

178 3775 336 3851 quod
366 3776 432 3831 in
461 3773 531 3832 V.
564 3772 636 3832 Τ.
680 3780 908 3849 praeter
941 3770 1096 3828 hunc
1130 3772 1320 3830 locum
1358 3774 1536 3830 semel
1567 3770 2000 3841 tautummodo,
2055 3768 2295 3842 Thia-2,
2325 3774 2385 3830 7.

146 3906 159 3919 .
181 3859 475 3932 occurrit,
531 3859 617 3917 ibi
651 3856 965 3933 respondet
1007 3854 1181 3913 verbo
1223 3869 1367 3935 ngr,
1420 3857 1572 3921 uude
1603 3857 1847 3912 similem
1884 3873 2013 3913 cum
2050 3873 2121 3913 eo
2160 3854 2389 3934 signifi-

178 3952 372 4001 catum
403 3942 614 4001 habere
645 3944 930 4016 conjicere
958 3940 1127 4012 licet,
1178 3943 1280 4016 qui
1309 3925 1425 3998 'nec
1463 3938 1599 3999 huic
1636 3941 1764 4014 loco
1805 3941 2030 4016 ineptus
2062 3950 2168 3998 est.
2256 3940 2391 3997 Ale-

179 4027 508 4087 xandrinus
562 4026 699 4084 hal.
744 4017 1145 4097 ἐκτηάσσειν,
1220 4027 1284 4082 in
1331 4023 1586 4085 Threnis
1635 4016 2062 4086 ἀποτινᾶσηειν
2115 4023 2389 4095 reddidit,

179 4111 371 4189 Syru·
406 4110 709 4190 utrobique
739 4110 983 4184 rejecit,
1026 4107 1348 4167 Chaldaeus
1380 4119 1585 4169 nostro
1619 4112 1749 4168 loco
1781 4109 2062 4183 mutavit,
2111 4109 2172 4165 in
2198 4105 2408 4167 Thre··

178 4198 273 4254 nis
312 4190 710 4254 conculcavit.
791 4195 1186 4273 Hieronymus
1226 4192 1285 4251 h.
1311 4196 1350 4253 l.
1393 4194 1736 4254 attenuasti
1767 4202 2018 4273 pactum
2057 4193 2221 4251 servi
2265 4194 2399 4266 tui:

180 4283 244 4338 in
278 4280 567 4354 Threnis,
619 4282 695 4338 ad
730 4289 873 4359 '11⁸
909 4279 1197 4352 referens,
1236 4278 1576 4342 maledixit.
1663 4276 2055 4341 Heln-morum
2097 4276 2205 4335 alii
2238 4295 2391 4356 per-

176 4364 388 4442 dendi,
444 4366 553 4425 alli
587 4348 928 4427 detestas-'ds‘
964 4362 1356 4447 significatum
1394 4365 1572 4433 verbo
1610 4363 1902 4424 tribuunt.
1984 4357 2169 4449 Ὴςξ
2209 4357 2391 4450 ρξ’-ΞΠ
