2747 4800
367 288 576 369 640..
1025 289 1144 355 Ρε.
1191 302 1351 372 127,
1408 281 1470 348 5.
1580 285 1703 353 Pa.
1752 283 1915 349 128.

370 496 484 556 qua
513 477 827 536 educantur
857 486 918 533 et
946 462 1325 534 adservantur
1353 468 1539 529 donec
1567 472 1759 529 emitti
1786 480 2017 549 queant.
2097 469 2296 548 Inepte
2321 471 2584 530 Alexan-

369 565 571 621 drinus
614 561 832 623 '117wa
871 560 1216 636 ἐπιθυμίαν
1257 554 1453 617 αὐτοῦ
1507 556 1778 613 reddidit.
1858 552 2175 634 ἤθη-Ν)
2210 553 2345 613 Non
2378 557 2585 635 pude-

351 647 548 721 fient,
597 665 716 705 non
752 628 836 702 ¹ad
868 656 1179 720 utrosque,
1228 652 1496 719 parentes
1536 650 1596 698 et
1627 641 1880 713 liberos,
1940 640 2041 697 sed
2070 640 2143 697 ad
2173 640 2388 699 liberos
2419 643 2585 699 solos

366 731 729 792 referendum
773 740 897 804 est,
968 747 1115 805 quos
1159 746 1278 785 non
1327 726 1671 784 frustretur
1686 737 1929 783 conatus
1984 727 2278 800 ipsorum,
2341 723 2587 803 quando

363 817 665 910 negotium
709 816 792 871 eis
833 817 950 875 erit
993 832 1124 871 cum
1169 812 1468 883 hostibus,
1524 820 1593 867 ut
1637 812 1919 887 sequitur.
2004 809 2193 866 Verba
2233 820 2588 904 πήξῃ-πει

366 911 553 989 &91:32³
609 901 991 961 tvvm-n&
1047 897 1230 977 vulgo
1271 898 1357 953 sic
1395 893 1793 954 transferunt.
1854 913 2028 971 qaum
2080 872 2431 970 loquemur
2448 914 2592 951 cun

366 967 620 1043 inimicia
658 985 721 1040 in
741 964 992 1062 ’μοι-ἴα,
1015 984 1055 1039 i.
1082 1001 1136 1039 e.
1169 983 1235 1039 in
1264 980 1681 1054 disceptatione
1711 979 1951 1051 forensi,
1992 978 2148 1057 quod
2173 980 2398 1053 judicia
2426 978 2590 1055 apud

366 1080 589 1130 veteres
626 1070 690 1126 in
723 1069 932 1145 portic
975 1067 1235 1125 exerceri
1267 1064 1556 1135 solebant,
1595 1074 1662 1120 ut
1688 1082 1892 1122 sensns
1920 1066 2001 1122 sit
2029 1065 2156 1121 hic:
2201 1063 2592 1123 defendentur

367 1175 403 1212 a
446 1154 600 1211 nati·
645 1154 767 1210 suis
812 1162 1081 1224 parentes
1120 1153 1185 1209 in
1219 1149 1457 1220 litibus,
1527 1166 1706 1223 quum
1747 1150 1863 1206 erit
1912 1150 2031 1206 illis
2081 1151 2151 1208 de
2200 1147 2425 1206 honore
2476 1158 2588 1206 ant

361 1240 551 1317 capite
591 1237 1023 1312 disceptandum
1061 1239 1127 1294 in
1163 1235 1332 1306 foro,
1387 1233 1574 1309 patris
1613 1242 1845 1290 causam
1893 1244 2127 1291 strenue
2164 1242 2342 1308 agent
2382 1234 2587 1290 liberi.

364 1324 467 1384 Sic
511 1329 568 1380 et
612 1319 970 1379 Chaldaeus·
1029 1328 1203 1399 quum
1252 1314 1669 1375 contenderint
1725 1318 1791 1373 in
1836 1327 2034 1395 porta
2082 1318 2286 1374 donant
2323 1314 2587 1388 judicii.

364 1409 584 1468 Sensus
618 1425 758 1465 vero
797 1407 982 1465 multo
1021 1407 1213 1482 aptior
1248 1403 1482 1479 prodit,
1544 1403 1597 1458 si
1640 1401 1875 1459 verbum
1921 1411 2051 1464 '¹7:27
2096 1402 2152 1461 h.
2185 1403 2225 1459 Ι.
2262 1402 2588 1478 perdendi,

362 1489 773 1565 interficiendi
824 1488 1160 1568 significatu
1203 1489 1456 1563 accipias
1513 1483 1658 1565 (vid.
1703 1495 1826 1542 not.
1865 1483 1941 1542 ad
1982 1468 2081 1544 Ps.
2119 1489 2215 1559 18,
2240 1483 2401 1562 48..)
2492 1486 2587 1544 lta

364 1580 550 1658 igitur
578 1575 755 1634 verba
784 1587 987 1632 nostra
1018 1583 1158 1632 sunt
1185 1571 1495 1631 vertenda:
1540 1568 1649 1626 sed
1679 1570 1983 1648 periment
2026 1570 2226 1629 hortea
2264 1571 2323 1626 in
2359 1580 2586 1649 porea,

366 1681 413 1719 s.
454 1663 519 1720 iu
553 1660 797 1740 portis,
856 1677 1000 1734 quae
1033 1659 1164 1716 ideo
1198 1663 1755 1725 commemorantur,
1784 1655 1958 1731 quod
1991 1654 2064 1711 ad
2098 1662 2295 1731 portas
2322 1656 2585 1733 pugnari

361 1748 668 1823 plurimum
702 1755 760 1801 et
787 1743 1272 1819 periculosissime
1304 1740 1473 1795 solet.
1547 1738 1738 1813 Atque
1775 1742 2295 1815 propugnationem
2331 1758 2440 1815 pro
2476 1759 2587 1814 pa-

364 1830 483 1887 tria·
507 1829 777 1887 adversus
808 1824 1001 1884 hostes
1025 1825 1127 1885 hic
1157 1823 1599 1903 intelligendam
1628 1839 1786 1896 esse,
1826 1822 2030 1881 suadet
2057 1827 2231 1882 etiam
2259 1825 2587 1904 allegoriae

265 1916 272 1931 ⁸
363 1915 553 1985 ratio,
605 1930 778 1988 quum
823 1910 936 1968 filii
976 1929 1106 1970 cum
1144 1908 1401 1984 sagittis
1439 1916 1880 1981 comparentur,
1938 1926 2084 1983 quae
2128 1921 2259 1984 apte
2299 1907 2585 1965 dicuntur

362 1996 561 2055 hostes
591 1995 933 2053 interficere.
1016 1995 1139 2054 Nec
1167 1992 1380 2062 obstat,
1420 1990 1575 2066 quod
1604 1990 1841 2047 verbnm
1875 2004 2025 2052 νῦν
2053 1994 2387 2068 praecessit,
2422 1992 2583 2069 quod

362 2082 611 2139 fortasse
641 2081 832 2137 minus
862 2090 1057 2155 aptum
1093 2077 1344 2154 vaginis
1380 2074 1570 2132 dicere
1601 2074 1811 2149 aliquis
1844 2077 2065 2174 possit,
2106 2096 2282 2152 quum
2324 2086 2393 2133 et
2423 2077 2582 2133 alias

362 2166 603 2243 propria
641 2182 773 2219 cum
813 2165 1056 2235 tropicis
1097 2180 1200 2235 per
1242 2148 1607 2239 κατάχρησιν
1647 2160 1882 2216 misceri
1925 2160 2256 2227 videamus;
2322 2158 2404 2216 cf.
2447 2181 2497 2216 e.
2531 2181 2581 2217 c.

363 2259 486 2306 not.
525 2249 600 2306 ad
644 2247 746 2319 68,
776 2249 876 2304 31.
958 2246 1090 2305 Hoc
1130 2253 1326 2303 autem
1367 2244 1598 2301 videtur
1642 2242 1831 2301 dicere
1874 2243 2134 2305 voluisse
2174 2254 2370 2302 vates.
2433 2262 2583 2320 quos

360 2331 522 2392 Deua
569 2331 671 2388 dat
721 2337 782 2387 et
834 2340 1103 2408 procreat
1153 2327 1228 2386 ad
1278 2324 1759 2407 propugnandum
1815 2326 2097 2402 idoneos,
2126 2344 2127 2349 ¹
2166 2347 2265 2384 eos
2324 2326 2582 2385 feliciter

362 2434 725 2493 propugnare
778 2435 885 2492 pro
940 2418 1155 2494 patria.
1248 2409 1430 2482 Quasi
1475 2412 1666 2470 dicat:
1735 2411 1896 2473 Deus
1942 2411 2042 2471 dat
2084 2423 2577 2492 propugnatura,

363 2519 483 2558 non
529 2501 757 2560 civitas.

1319 2683 1436 2744 Ps.
1487 2686 1620 2744 128.

531 2799 739 2873 Docet,
766 2803 830 2858 in
858 2818 1078 2862 summa
1103 2804 1481 2879 prosperitate
1507 2804 1688 2860 vitam
1715 2810 2000 2875 acturum,
2030 2803 2355 2881 quicunque
2382 2802 2580 2864 Deum

365 2895 600 2945 veretur
648 2895 707 2942 et
748 2887 924 2960 colit3
985 2888 1160 2944 talem
1205 2886 1495 2946 hominem
1536 2886 1752 2946 frustra
1792 2888 2190 2945 laboraturum
2235 2907 2581 2967 numquam,

363 2973 483 3028 imo
533 2970 677 3028 bene
727 2973 1091 3047 suaviterque
1141 2973 1470 3044 victurum,
1543 2973 1707 3048 eique
1761 2970 2145 3031 abundantem
2194 2973 2397 3030 liberis
2448 2974 2580 3034 fore

362 3055 662 3112 familiam.
736 3054 980 3114 Carmen
1008 3054 1379 3115 concluditur
1407 3065 1570 3128 voto,
1617 3067 1681 3114 ut
1712 3057 1803 3115 vir
1831 3059 1960 3132 pius
1990 3074 2026 3113 a
2059 3056 2183 3115 Deo
2213 3056 2579 3132 fortunetnr,

359 3139 696 3218 fruaturque
722 3150 996 3217 perpetua
1025 3142 1477 3217 tranquillitate,
1506 3147 1564 3199 et
1590 3144 1826 3222 longam
1858 3142 2171 3200 liberorum
2200 3161 2268 3199 ac
2297 3155 2580 3218 nepotum

362 3226 569 3282 seriem
609 3227 947 3301 conspiciat.
2618 3239 2627 3248 ·

530 3339 719 3414 Patet,
748 3339 904 3400 hunc
931 3340 1218 3399 Psalmum
1245 3339 1460 3399 factum
1487 3359 1610 3400 esse
1638 3343 1712 3402 ad
1736 3343 2121 3401 imitationem
2149 3344 2578 3419 praecedentis,

362 3442 532 3502 quem
560 3428 814 3502 explicat
843 3435 902 3483 et
933 3425 1254 3484 confirmat.
1338 3425 1515 3497 Sunt,
1560 3428 1661 3503 qui
1694 3447 1822 3485 eum
1849 3426 2154 3486 formulam
2186 3448 2309 3487 esse
2341 3443 2576 3504 putent,

363 3527 477 3586 qua
518 3510 660 3567 bene
702 3512 926 3588 precari
964 3511 1303 3589 conjugibus
1348 3513 1516 3569 novis
1556 3514 1861 3570 solerent.
1909 3510 2001 3571 De
2043 3523 2294 3589 tempore
2333 3533 2481 3572 vero
2518 3527 2576 3572 et

362 3595 698 3666 occasione,
751 3596 958 3672 quibus
993 3597 1211 3670 primus
1249 3597 1327 3653 sit
1355 3593 1578 3668 factus,
1635 3596 1865 3654 definiri
1894 3596 2044 3654 nihil
2079 3606 2289 3672 potest.
2375 3599 2575 3658 Rebus

360 3688 552 3736 autem
586 3672 940 3737 Judaeorum
982 3699 1054 3737 ex
1093 3669 1388 3757 Babylone
1426 3698 1624 3737 reeens
1662 3699 2026 3739 reversorum
2071 3682 2575 3742 accommodatum

363 3780 519 3834 esse,
561 3764 830 3820 credibile
867 3762 1008 3821 facit
1037 3761 1177 3836 hoc,
1221 3763 1378 3840 quod
1414 3763 1597 3821 huic
1579 3767 1691 3840 lpsi
1724 3768 2041 3823 carminum
2065 3768 2273 3824 talium
2308 3768 2570 3843 plurium

353 3844 635 3904 ,fasciculo
668 3850 919 3905 insertus
953 3858 1058 3905 est.
1147 3847 1314 3916 Quod
1347 3852 1534 3924 ipsum
1562 3846 1761 3906 forsan
1794 3848 1901 3906 boc
1931 3852 2177 3907 consilio
2204 3845 2428 3910 factum
2457 3864 2570 3924 est,

356 3940 426 3985 ut
465 3940 661 3990 vatum
709 3933 1010 4011 praesagia
1062 3929 1141 4009 (e.
1184 3953 1237 3992 c.
1283 3931 1462 3991 Zach.
1496 3934 1658 4005 8,4.
1694 3932 1750 3995 5.
1804 3931 2143 4008 Ierem.30,
2178 3935 2276 3991 19.
2311 3935 2456 4012 20.)
2504 3935 2571 3993 de

356 4031 543 4070 norae
583 4017 936 4088 reipublicae
977 4019 1304 4095 civiumque
1350 4018 1471 4092 ejus
1520 4019 1909 4091 incremento,
1979 4022 2144 4097 quasi
2180 4023 2244 4077 in
2290 4041 2570 4098 compen-

353 4096 516 4154 dium
549 4099 780 4157 redacta
814 4100 1144 4174 exhiberet,
1188 4112 1359 4178 atque
1390 4103 1476 4158 cic
1506 4102 1711 4176 dejecti
1741 4104 1923 4161 anima
1951 4122 2180 4177 eorum,
2229 4106 2330 4182 qui
2366 4108 2566 4164 tenul-

353 4180 461 4238 bus
488 4200 682 4241 rerum
712 4201 946 4242 suarum
976 4186 1163 4244 initiis
1193 4184 1557 4257 diffidebant,
1606 4185 1680 4243 ad
1713 4206 1872 4263 spem
1898 4188 2203 4246 meliorum
2235 4201 2570 4267 temporum

354 4267 750 4346 erigerentur,
803 4271 1310 4347 excitarentnrque
1352 4269 1429 4330 ad
1468 4290 1771 4330 commune
1808 4271 2021 4332 bonum
2057 4273 2290 4332 fortiter
2323 4295 2570 4352 promo-

350 4350 620 4411 rendum.
