2747 4800
332 242 489 324 258
902 241 907 248 ’
973 247 1101 316 Ρε.
1147 243 1269 334 37,
1319 243 1438 311 40.
1523 245 1645 312 Ρε.
1692 239 1925 326 38,1.

507 436 616 495 40.
696 431 861 522 ”7772
919 436 1154 524 ΒἮΒῙῚ,
1197 428 1282 490 Et
1338 424 1658 503 adiuvabit
1709 441 1810 484 eos
1854 422 2052 500 Iona,
2101 441 2187 482 ne
2234 427 2300 485 in
2345 428 2565 486 malum

238 569 247 575 .
342 520 580 600 aliquod
614 496 912 590 ἰιιοίιῦιιιῖς
967 528 1031 572 at
1063 498 1167 574 u'bi
1195 519 1314 592 jam
1342 513 1697 586 inciderint,
1738 521 1842 570 aut
1874 512 2027 569 ubi
2010 530 2075 569 ιιι
2104 510 2417 570 discrimen
2449 516 2565 571 ali·

343 606 501 686 quod
521 605 812 673 venerint,
849 595 1062 663 ΒΒίΒἿ
1093 599 1371 659 liberabit
1403 617 1540 672 ⁰⁰⁸3
1589 600 1831 675 exponit
1858 604 2161 673 praeterea
2193 617 2232 658 a
2260 615 2376 673 quo
2409 600 2566 656 malo

346 690 657 760 liberabit,
716 687 942 769 effusi*
949 700 974 745 7
1031 696 1101 747 Β
1104 685 1293 779 ᾏρἾΒ
1347 679 1561 775 ntq'm:
1622 690 1797 740 eruet
1841 696 1944 739 eos
1989 680 2063 738 ab
2106 679 2392 761 improbis
2431 700 2568 740 eoe-

348 776 588 853 demque
628 729 888 832 salvabit
929 751 1028 847 (⁸de
1058 755 1186 859 Βιρᾗ
1215 753 1330 830 vid.
1359 753 1467 839 33,
1474 748 1598 826 ιῙ6.
1603 765 1669 842 ),
1723 784 2103 843 causamque,
2144 782 2249 823 cur
2279 784 2378 824 eos
2418 765 2569 826 libe-

348 870 588 920 raturus
619 860 720 929 sit,
762 854 1051 934 adjungit,
1100 838 1186 915 ἰΒ
1211 865 1333 918 7077
1375 865 1449 934 ’Β
1495 853 1600 930 qui
1640 859 1975 931 sperarunt
2011 852 2077 909 in
2118 869 2209 922 eo,
2250 869 2372 909 non
2405 851 2572 912 fallet

350 962 512 1025 spem
544 961 768 1016 eorum,
808 941 910 1017 qui
940 940 1018 998 ad
1048 941 1205 999 illius
1236 923 1621 1020 praesidium
1659 953 1939 1017 opemque
1977 934 2344 1018 confugiunt.

1304 1125 1354 1185 P
1371 1144 1429 1185 s.
1489 1125 1594 1187 38.

520 1243 773 1316 Querela
803 1243 997 1302 animo
1038 1252 1097 1302 et
1134 1261 1381 1318 corpore
1419 1243 1682 1325 graviter
1723 1239 1951 1315 affecti,
2006 1251 2066 1318 et
2105 1241 2177 1301 ab
2219 1242 2421 1300 amicis
2467 1239 2571 1299 de-

353 1334 531 1407 serti,
586 1331 873 1407 simulque
911 1330 984 1386 ab
1024 1327 1291 1388 hostibus
1332 1328 1553 1387 afflicti.
1638 1331 1797 1397 Quas
1839 1327 2068 1405 quidem
2108 1345 2414 1386 aerumnae
2455 1328 2574 1384 etsi

351 1418 603 1497 peccatis
632 1417 757 1475 suis
789 1416 1195 1472 commeruisse
1221 1413 1460 1488 fatetur,
1493 1423 1750 1472 attamen
1778 1411 1967 1471 Deum
1997 1415 2283 1471 auxilium
2317 1431 2487 1471 suum
2515 1412 2576 1470 ei

353 1523 477 1563 non
503 1518 743 1580 prorsus
771 1499 1200 1558 subtracturum
1235 1518 1358 1556 esse
1389 1511 1451 1557 et
1478 1509 1674 1576 sperat
1705 1506 1767 1555 et
1796 1505 1981 1574 aptat.

524 1586 794 1660 Plerique
823 1585 1170 1683 interpretes
1197 1581 1483 1642 Davidem
1514 1583 1670 1641 hunc
1703 1583 1990 1641 Psalmum
2023 1583 2408 1659 composuisse
2441 1583 2576 1640 exi-

360 1673 638 1743 stimant,
677 1669 813 1726 dum
845 1668 1191 1746 gravissimo
1221 1669 1420 1744 aliquo
1453 1669 1655 1726 morbo
1683 1667 2008 1739 laboraret,
2051 1686 2217 1744 quem
2251 1666 2577 1744 profectum

360 1755 671 1839 agnoverit
699 1771 775 1810 ex
801 1753 923 1808 suis
954 1753 1240 1825 peccatis,
1282 1770 1432 1830 quae
1458 1751 1619 1810 Deus
1657 1769 1727 1810 eo
1760 1752 1933 1809 modo
1961 1755 2295 1833 castigaret.
2376 1755 2576 1821 Quae-

356 1860 496 1902 nam
529 1847 721 1897 autem
747 1835 966 1895 fuerint
998 1837 1098 1893 illa
1128 1848 1398 1913 peccata,
1451 1848 1510 1895 et
1549 1856 1690 1896 num
1727 1837 1886 1894 inter
1923 1857 1993 1895 ea
2029 1838 2327 1896 numerari
2366 1837 2578 1895 debeat

358 1924 710 1985 adulterium
738 1941 867 1979 cum
896 1919 1184 1980 Batheeba
1206 1925 1611 1996 commissum,
1650 1922 2018 1981 dissentiunt.
2086 1922 2208 1982 Sed
2240 1922 2395 2023 quod
2426 1922 2579 1979 dicit

359 2012 475 2070 de·
455 2009 823 2067 inimicorum
852 2025 1089 2065 suorum
1122 2008 1279 2081 odio,
1306 2010 1409 2086 qui
1432 2010 1613 2066 vitam
1642 2006 1825 2084 ipsius
1855 2007 2272 2084 quaerebant,
2254 2025 2319 2064 ιιι
2346 2017 2578 2083 tempus

362 2097 536 2154 istius
572 2092 849 2150 adulterii
890 2110 1012 2150 non
1057 2094 1323 2169 quadrat.
1410 2092 1565 2151 Tum
1596 2095 1751 2151 enim
1776 2089 2032 2150 Davidee
2068 2094 2288 2150 nullam
2324 2092 2580 2167 ampliu·

361 2178 867 2257 persequutionem
908 2178 1254 2253 patiebatur.
1338 2177 1460 2235 Alii
1503 2179 1566 2234 in
1608 2175 1915 2236 seditionis
1952 2175 2338 2234 Absalonicae'
2381 2175 2580 2233 initiis

364 2282 496 2322 cum
541 2263 605 2317 in
641 2262 883 2317 summis
925 2261 1199 2330 periculis
1236 2270 1569 2318 versaretur
1610 2269 1807 2330 vates,
1855 2260 2237 2335 compositum
2277 2258 2582 2316 Palmum

360 2343 750 2414 suspicantur.
816 2335 1031 2395 Verum
1059 2350 1215 2396 reete
1245 2341 1397 2398 vidit
1430 2358 1511 2399 nr.
1543 2339 1808 2411 ern,
1852 2342 2025 2414 plura
2051 2340 2261 2398 habere
2291 2339 2445 2397 hunc
2473 2339 2580 2398 Ps.

360 2421 692 2482 communia
732 2438 861 2477 cum
896 2428 1101 2490 sexto,
1146 2430 1218 2476 ¹et
1252 2422 1442 2495 ipsum
1485 2424 1790 2497 utriusque
1831 2424 2107 2483 carminis
2146 2426 2383 2482 initium
2419 2423 2583 2483 idem

360 2504 481 2562 fere
509 2519 650 2559 esse.
708 2500 805 2559 Ps.
833 2503 893 2559 6.
915 2521 1078 2573 vero,
1105 2521 1278 2580 quum
1309 2506 1493 2562 totius
1526 2507 1726 2581 populi
1754 2506 1983 2584 magnis
2009 2506 2263 2563 miseriis
2293 2507 2586 2582 oppressi,

360 2587 467 2647 sub
499 2585 755 2644 hominis
788 2588 1018 2665 aegroti
1057 2596 1117 2644 et
1154 2591 1484 2645 aerumnosi
1523 2608 1803 2667 persona,
1862 2590 2123 2666 querelas
2149 2592 2446 2648 continere
2479 2592 2585 2649 vi-

360 2672 602 2737 deatur;
662 2688 774 2728 nee
813 2669 976 2728 aliud
1019 2670 1192 2745 hujus
1232 2672 1447 2731 Psalmi
1491 2684 1896 2754 argumentum
1937 2672 2139 2734 fuerit.
2224 2673 2442 2734 Eadem
2481 2687 2586 2735 est

360 2754 638 2816 Chaldaei
669 2756 1005 2833 interpretis
1033 2767 1093 2814 et
1121 2755 1338 2816 Jarchii
1369 2761 1682 2815 sententia.

530 2872 583 2929 l.
665 2869 758 2931 De
787 2873 1073 2931 vocabulo
1106 2868 1382 2967 ἾἿΒτζῐέ,
1438 2874 1592 2952 quod
1620 2874 1759 2933 huic
1794 2884 1854 2932 et
1883 2874 2309 2956 septuagesimo
2341 2873 2584 2935 Psalmo

353 2956 675 3036 praefixum
714 2967 837 3032 est,
877 2960 969 3015 uti
1005 2957 1075 3015 de
1104 2938 1585 3032 inscriptionibus
1618 2962 1825 3017 ceteris
1856 2960 1975 3018 fere
2007 2962 2304 3033 omnibus,
2348 2959 2588 3018 dissen-

354 3045 533 3101 tiunt.
616 3042 1047 3101 Alexandrinus
1090 3040 1175 3116 εἰς
1215 3037 1486 3125 ἇνάμνησ
1492 3067 1547 3105 ιν
1588 3056 1706 3103 tam
1748 3043 1860 3104 hoc
1899 3047 2064 3117 loco,
2125 3063 2294 3122 quam
2333 3044 2429 3102 Ps.
2452 3049 2584 3105 70.

355 3130 587 3206 posuit,
647 3127 766 3184 nisi
807 3126 961 3204 quod
999 3126 1055 3184 h.
1088 3130 1130 3188 1.
1177 3130 1318 3204 περὶ
1360 3130 1469 3192 τοῦ
1509 3124 1859 3215 σαββάτου,
1914 3129 2008 3188 Pa.
2045 3134 2147 3189 70.
2188 3148 2327 3187 vero
2370 3130 2457 3201 εἷς
2498 3126 2582 3192 τὸ

355 3213 556 3273 σῶσαί
605 3232 681 3290 με
741 3233 944 3291 nuptm
999 3212 1184 3272 addit.
1270 3212 1592 3272 Chaldaeus
1642 3215 1696 3272 h.
1736 3216 1775 3272 1.
1834 3213 2127 3272 Memoria
2181 3211 2331 3271 bona
2386 3233 2591 3293 super·

357 3293 807 3374 Isra013quod
840 3294 1104 3355 Jarchius
1139 3300 1225 3356 sic
1257 3300 1704 3373 interpretatur:
1751 3310 1821 3356 ut
1862 3300 2093 3357 diceret
2133 3317 2261 3356 eum
2304 3308 2589 3378 tempore

356 3381 810 3457 angustiarum,
881 3391 951 3441 ut
1003 3385 1347 3441 mentionem
1381 3384 1640 3457 faceret
1691 3383 2103 3462 adflictibnum
2143 3381 2588 3443 Israelitarum

358 3480 560 3522 coram
600 3462 763 3540 Dea,
829 3465 997 3524 dixit
1041 3477 1232 3524 autem
1274 3485 1402 3527 eum
1445 3468 1768 3548 (Psalmum
1810 3466 2094 3548 Davides)
2135 3486 2256 3547 pro
2307 3468 2586 3529 omnibue

358 3540 703 3617 Israelitis,
759 3560 826 3608 ut
864 3552 1113 3609 formula
1150 3572 1380 3629 precum
1423 3565 1573 3613 esset
1610 3556 1883 3612 universo
1928 3558 2140 3629 populo
2179 3555 2430 3612 miseriis
2464 3573 2587 3631 op-

356 3651 577 3712 presso.
639 3633 707 3692 ln
739 3634 958 3694 Psalmi
987 3640 1085 3693 70.
1116 3638 1426 3718 epigraphe
1455 3638 1773 3697 Chaldaeus
1801 3638 2094 3696 reddidit.
2134 3639 2216 3697 ad
2245 3638 2582 3696 recordan-

356 3718 492 3778 dun
525 3717 597 3776 de
625 3737 738 3777 ιιειι
766 3718 986 3794 thuris,
1030 3739 1145 3798 quo
1178 3740 1350 3781 sensu
1379 3725 1494 3783 Jes.
1519 3726 1622 3799 66,
1651 3726 1709 3783 3.
1750 3719 1940 3816 ἭἺΒΒ
1984 3732 2185 3817 ἾἽΒἙΒ
2214 3736 2302 3781 est
2331 3722 2583 3782 adole-na

358 3800 514 3863 thus.
570 3804 651 3863 Et
676 3803 726 3862 J.
748 3803 824 3863 D.
849 3806 1251 3865 ΜισιιΑΕιιε
1234 3826 1298 3864 ιιι
1325 3806 1662 3889 Supplemm
1706 3830 1755 3886 p
1784 3791 1934 3865 616.ι
1955 3826 2029 3865 ex
2055 3827 2122 3866 eo
2117 3804 2304 3885 quod
2335 3809 2583 3868 verbum

354 3897 564 3982 'wzjry
597 3891 773 3948 etiam
805 3890 917 3949 Ex.
947 3893 1054 3963 20,
1087 3892 1190 3949 21.
1234 3892 1338 3967 34,
1377 3895 1472 3951 19.
1513 3895 1584 3951 de
1614 3893 1917 3951 sacrificiis
1954 3905 2287 3969 usurpatur,
2333 3894 2584 3953 titulum

354 3953 525 4047 huju·
544 3958 768 4031 'Psalmi
804 3977 891 4031 ita
915 3975 1259 4035 vertendum
1292 3989 1521 4037 censet:
1562 3978 1827 4037 Peolmue
1870 3975 2132 4035 Davidie
2171 3979 2332 4036 iuter·
2370 3979 2582 4034 sacr-n·-

336 4055 654 4129 ficandun
688 4057 1005 4116 canendus.
1091 4064 1234 4134 Alii,
1276 4068 1377 4139 qui
1408 4076 1679 4123 vertunt.
1726 4064 1807 4121 ad
1837 4063 2345 4136 reminiscendum,
2385 4060 2445 4118 id
2481 4064 2580 4120 sie

350 4141 844 4218 interpretantur:
902 4140 1189 4206 Davidem
1229 4151 1488 4207 voluisse
1531 4149 1687 4207 hunc
1724 4147 2017 4205 Psalmum
2062 4167 2405 4205 consecrare
2445 4164 2582 4204 me-

348 4226 570 4283 moriae
599 4228 1029 4302 calamitatum,
1074 4231 1137 4288 in
1165 4232 1376 4309 quibus
1410 4234 1696 4307 haeserit,
1747 4243 1807 4290 et
1840 4253 1873 4289 e
1910 4231 2118 4309 quibus
2145 4234 2409 4291 liberarit
2436 4248 2592 4290 eum·

342 4306 526 4383 Jove,
577 4322 646 4370 ut
679 4321 814 4389 post
846 4313 1246 4379 liberationem
1279 4322 1555 4400 opemque
1589 4316 1845 4381 divinam
1878 4315 2036 4377 hunc
2072 4319 2306 4377 titulum
2335 4315 2596 4376 Psalmo,
