2747 4800
366 238 513 313 162
571 255 578 260 ’
795 233 809 247 ’
1328 241 1452 313 Ps.
1500 240 1619 309 25.

365 445 487 486 una
529 445 661 485 eum
708 423 1072 485 confessione
1116 437 1521 505 peccatorum,
1579 443 1830 504 quorum
1864 440 2082 504 poenas
2124 440 2285 509 nunc
2318 437 2384 482 se
2427 427 2589 488 luere

368 516 658 595 agnoscit,
701 513 910 588 quibus
945 512 1176 573 tandem
1209 513 1455 572 liberari
1484 514 1652 590 petit.

537 597 647 656 Est
680 596 773 654 bic
806 597 1065 655 Psalmus
1103 599 1323 673 primus
1363 617 1599 670 eornm,
1654 595 1755 673 qui
1795 589 2229 654 acrostichidis
2272 594 2589 655 ostendunt

371 681 718 754 artificium,
779 701 893 758 quo
934 684 1155 761 singuli
1194 685 1287 740 vel
1313 683 1532 740 Versus
1566 683 1662 740 vel
1697 679 1967 757 strophae
2002 680 2189 737 literis
2233 681 2586 757 primoribus

373 769 637 827 ordinem
681 763 936 825 Hebraei
981 766 1274 845 alphabeti
1312 775 1769 844 repraesentant.
1855 762 2036 841 Cujus
2081 766 2170 821 rei
2214 766 2386 837 plura
2433 766 2587 824 inter

370 871 537 910 sacra
574 862 838 927 poemata
879 853 1144 925 exempla
1186 860 1423 910 exstant
1468 847 1606 931 (ΡΒ.
1639 851 1739 909 34.
1778 851 1881 906 37.
1916 849 2055 907 109.
2090 850 2228 910 112.
2275 847 2588 928 119.145.

369 936 547 996 Prov.
576 937 675 994 31.
710 955 745 993 a
773 946 1052 994 commate
1085 938 1183 993 10.
1212 937 1285 994 ad
1311 937 1503 994 finem.
1562 934 1677 994 Jer.
1709 933 1951 992 Threm
1963 953 2066 1010 per
2096 942 2305 1006 totum,
2345 923 2587 1011 excepto

372 1023 582 1080 ultimo
620 1018 873 1098 capite),
921 1040 1028 1078 nec
1071 1039 1190 1077 non
1226 1024 1381 1088 inter
1415 1005 1660 1097 Syriaca
1700 1029 1758 1076 et
1798 1018 2050 1077 Persica.
2136 1015 2317 1077 Causs
2447 1035 2587 1078 vero

258 1155 264 1160 .
370 1105 543 1181 hujus
589 1106 851 1163 instituti
900 1115 1115 1162 certam
1155 1125 1228 1163 ne
1269 1104 1523 1163 Hebraei
1567 1104 1796 1181 quidem
1837 1093 2075 1161 reddere
2116 1121 2330 1180 possun
2293 1037 2413 1162 ιιῖιιι
2462 1102 2590 1161 Νο-

373 1192 646 1248 stratium
681 1192 977 1247 nonnullis
1014 1207 1188 1247 causa
1223 1189 1543 1267 probabilis
1582 1189 1814 1247 videtur
1855 1207 1977 1246 esse
2017 1188 2195 1260 haec,
2248 1190 2590 1248 memoriam

374 1273 488 1332 hoc
524 1274 772 1332 artificio
806 1277 1012 1348 juvare
1056 1278 1307 1334 voluisse
1355 1285 1591 1349 poetas,
1644 1286 1711 1331 ut
1743 1275 1848 1331 alii
1880 1275 2023 1330 talia
2061 1276 2322 1331 carmina
2355 1274 2588 1331 facilius

374 1360 770 1431 addiscerent,
813 1370 872 1416 et
903 1360 1255 1418 commodius
1283 1360 1751 1418 recordarentur.
1835 1358 2020 1419 Nobis
2054 1378 2182 1416 cum
2212 1375 2293 1416 nn
2322 1356 2589 1416 WE'rTlo

375 1447 467 1519 (in
511 1444 782 1523 Prolegg.
828 1442 901 1502 ad
944 1441 1328 1503 commentar.
1376 1447 1439 1501 in
1480 1442 1600 1500 Pss.
1641 1463 1695 1519 p.
1729 1445 1828 1500 66.
1874 1444 1961 1500 ed.
1993 1443 2160 1516 tert.)
2208 1454 2267 1501 et
2308 1441 2592 1500 Bauza-

376 1546 593 1588 ΜιΝΝυ
642 1525 943 1603 (Vm-such
981 1526 1080 1588 ab.
1116 1529 1171 1585 d.
1203 1527 1430 1586 Metrik
1463 1528 1517 1590 d.
1548 1527 1854 1600 Hebriler,
1899 1547 1958 1604 p.
1996 1524 2160 1604 101.)
2202 1528 2436 1586 videtur
2464 1545 2590 1584 non

374 1616 492 1671 alia
528 1632 704 1669 causa
743 1613 924 1669 fuisse
957 1613 1239 1685 ejusmodi
1276 1624 1602 1671 structurae
1629 1614 1947 1670 carminum
1976 1611 2370 1702 quorundam,
2413 1630 2592 1688 quam

372 1698 629 1755 studium
657 1708 892 1772 poetae,
936 1697 1311 1754 artificiosius
1344 1696 1616 1773 aliquod,
1661 1699 1732 1755 ad
1767 1706 2066 1754 externam
2108 1688 2280 1754 e‘tiam
2320 1696 2592 1769 formam,

373 1799 607 1840 carmen
665 1782 977 1861 pangendi.
1061 1781 1260 1866 Neque
1316 1791 1513 1840 tamen
1570 1783 1794 1840 ordinis
1842 1780 2185 1859 alphabetici
2231 1783 2315 1839 ita
2359 1793 2593 1839 tenaces

374 1867 612 1924 fuerunt
642 1877 843 1941 poetae
875 1865 1170 1939 Hebraei,
1197 1876 1265 1924 ut
1293 1867 1356 1924 in
1389 1867 1655 1924 omnibus
1691 1885 1760 1923 ac
1790 1867 2051 1966 singulis.
2070 1866 2352 1941 ejusmodi
2379 1867 2597 1922 carmi-

374 1953 549 2009 nibus
594 1968 893 2008 numerum
942 1952 1354 2010 elementorum
1399 1952 1525 2008 sine
1571 1952 1693 2008 ulla
1735 1953 2167 2026 interruptione
2213 1961 2314 2009 aut
2364 1949 2595 2008 defectu

374 2037 568 2094 literis
593 2036 917 2093 initialibus
950 2035 1498 2113 repraesentandum
1527 2037 1947 2094 existimarent.
2032 2035 2134 2093 Sic
2165 2038 2230 2093 in
2260 2045 2462 2093 nostro
2492 2033 2598 2091 Ps.

280 2189 286 2196 λ
359 2122 494 2178 duo
543 2122 768 2196 priores
813 2122 1088 2178 versiculi
1132 2120 1481 2179 inchoantur
1519 2139 1556 2177 a
1601 2123 1773 2178 litera
1812 2117 2036 2199 aleph,
2088 2122 2284 2178 nullus
2334 2139 2369 2177 a
2411 2116 2597 2177 Beth.

374 2205 602 2265 Rursus
636 2205 833 2261 nullus
865 2205 1026 2263 ineo
1056 2215 1144 2263 est
1170 2204 1420 2279 Versus,
1462 2206 1564 2281 qui
1596 2204 1903 2263 inchoetur
1932 2224 1968 2261 a
1998 2207 2169 2263 litera
2199 2202 2353 2275 Van,
2394 2204 2601 2261 nullus

378 2310 416 2348 a
457 2286 637 2366 Koph
680 2289 998 2364 incipiens,
1060 2288 1173 2348 duo
1212 2299 1352 2348 sunt
1394 2309 1534 2348 vero
1580 2309 1617 2347 a
1662 2287 1859 2347 Rcsch
1901 2290 2278 2367 incipientes;
2342 2289 2602 2364 denique

376 2382 510 2451 post
540 2373 769 2430 literam
805 2370 938 2433 Tau
976 2373 1210 2433 additur
1246 2376 1308 2433 in
1342 2374 1458 2433 fine
1496 2375 1816 2435 versiculus
1855 2392 1891 2432 a
1932 2376 2101 2434 litera
2127 2372 2247 2433 Phe
2287 2375 2600 2451 incipiens.

376 2461 559 2527 Quem
606 2458 835 2534 quidem
879 2461 1070 2517 minus
1115 2471 1445 2518 accuratum
1485 2462 1788 2518 literarum
1830 2461 2092 2517 ordinem
2133 2457 2365 2538 quidam
2410 2458 2604 2539 libra-

373 2546 595 2601 riorum
644 2542 977 2601 tribuerunt
1019 2546 1312 2617 incuriae,
1369 2564 1485 2622 qua
1524 2545 1741 2603 Versus
1785 2545 2110 2621 perturbati
2147 2554 2207 2603 et
2247 2545 2608 2621 transpositi

379 2627 615 2684 fuerint.
700 2628 870 2694 Quod
917 2640 1110 2686 tamen
1158 2648 1227 2685 eo
1273 2631 1467 2687 minus
1527 2629 1801 2687 credibile
1846 2639 1971 2699 est,
2036 2649 2150 2704 quo
2202 2631 2391 2708 magis
2442 2628 2602 2686 illud

376 2713 606 2784 ipsum,
661 2712 815 2787 quod
846 2715 1034 2771 literis
1060 2712 1345 2771 Versuum
1382 2714 1706 2771 initialibus
1751 2709 2041 2788 alphabeti
2081 2712 2222 2770 ordo
2254 2730 2606 2787 repraesen-

376 2795 592 2853 tandus
621 2805 783 2868 erat,
817 2798 1194 2855 librariorum
1229 2799 1611 2855 attentionem
1646 2797 1902 2853 excitare
1933 2795 2145 2853 debuit.
2229 2795 2370 2868 Nec,
2413 2796 2465 2851 si
2496 2796 2610 2853 vel

375 2882 441 2938 in
486 2898 603 2938 uno
650 2881 905 2940 alterove
944 2883 1141 2940 codice
1174 2883 1404 2941 librarii
1441 2882 1609 2956 culpa
1636 2879 1853 2937 Versus
1889 2882 2089 2937 omissi
2120 2880 2215 2937 vel
2249 2880 2610 2955 transpositi

373 2963 657 3038 fiiissent,
714 2967 989 3025 credibile
1021 2975 1148 3038 est,
1202 2976 1318 3024 tam
1355 2975 1584 3041 apertos
1619 2982 1847 3023 errores
1877 2984 1981 3040 per
2014 2982 2211 3022 omnes
2244 2965 2469 3022 codices
2510 2965 2611 3022 ita

374 3058 728 3129 propagatos
755 3049 971 3122 fuisse,
1015 3061 1084 3108 ut
1121 3068 1290 3121 verae
1329 3051 1599 3107 lectionis
1640 3069 1715 3107 ne
1751 3050 2067 3127 vestigium
2113 3050 2343 3125 quidem
2384 3065 2613 3123 super-

376 3144 547 3192 esset.
633 3134 747 3191 Sed
777 3136 1048 3193 videntur
1076 3137 1135 3191 in
1165 3133 1494 3208 hujusmodi
1524 3134 1880 3197 carminibus
1907 3133 2220 3190 condendis
2249 3144 2454 3209 poetae
2479 3135 2623 3206 ipsi

377 3216 650 3279 nonnihil
677 3220 945 3277 licentiae
968 3221 1085 3277 sibi
1112 3217 1403 3276 interdum
1430 3237 1760 3297 arrogasse,
1788 3231 1857 3274 ut
1880 3217 2008 3275 fieri
2035 3219 2097 3273 in
2127 3215 2283 3275 omni
2312 3219 2621 3291 ejusmodi

377 3302 630 3361 artificio
667 3305 904 3362 assolet.
989 3305 1119 3371 Quo
1152 3304 1423 3376 pertinet,
1467 3303 1622 3381 quod
1654 3305 1716 3360 in
1747 3313 1952 3360 nostro
1987 3300 2222 3359 Psalmo
2252 3302 2425 3359 litera
2460 3301 2615 3361 Van

379 3405 502 3444 non
525 3387 805 3460 Versum,
846 3399 915 3446 ut
946 3388 1219 3458 debebat,
1274 3386 1376 3444 sed
1410 3388 1583 3446 modo
1615 3387 1905 3464 posterius
1937 3385 2150 3443 Versus
2178 3388 2372 3463 quinti
2402 3385 2617 3444 hemi-

378 3469 651 3530 stichium
689 3468 961 3566 (Ψ-ἳῦξι)
997 3471 1325 3543 exorditur,
1369 3473 1523 3548 quod
1554 3474 1744 3548 ipsum
1773 3481 1834 3528 et
1860 3469 2089 3528 Psalmo
2120 3471 2220 3528 34.
2260 3471 2457 3546 eadem
2491 3472 2619 3531 illa

379 3555 556 3614 litera
598 3556 812 3615 factum
841 3539 963 3616 es²t.
1046 3552 1229 3633 Koplz
1284 3574 1425 3614 vero
1472 3558 1650 3614 etiam
1699 3559 1764 3614 in
1820 3555 2009 3613 media
2060 3573 2203 3613 voce
2261 3556 2617 3649 ’τιἿῑ-ικλιη

376 3636 505 3717 (Vs.
544 3637 674 3719 17.)
719 3641 971 3715 positum
1016 3638 1308 3698 suffecisse
1350 3650 1553 3739 poetae
1596 3642 1871 3699 creditur.
1953 3639 2173 3698 Eodem
2207 3588 2619 3713 referendum,

376 3727 533 3801 quod
563 3726 667 3783 Vs.
696 3727 757 3781 2.
791 3735 927 3782 ante
961 3734 1048 3818 ἦε
1077 3726 1293 3804 legitur
1326 3722 1531 3806 ’περ-ι,
1571 3745 1745 3803 quam
1775 3744 2007 3796 vocem,
2048 3726 2355 3782 literarum
2381 3726 2611 3786 seriem

375 3809 740 3882 turbantem,
778 3792 1110 3883 eliminare,
1154 3828 1223 3867 ac
1254 3793 1513 3869 librariis
1544 3814 1905 3889 relinquere,
1946 3827 2113 3866 nemo
2154 3806 2325 3866 facile
2359 3806 2621 3886 audeat,

377 3896 482 3970 qui
523 3894 779 3953 modeste
819 3895 1062 3952 criticen
1102 3895 1479 3953 exercendam
1526 3906 1727 3973 putet,
1787 3895 1925 3972 quia
1963 3911 2162 3952 omnes
2200 3895 2360 3951 illam
2408 3896 2623 3969 prisci

375 3980 724 4052 interpretes
769 3976 1056 4057 legerunt.
1117 3979 1294 4045 illud
1336 3976 1512 4074 '⁵qu
1550 3991 1720 4041 extra
1751 3997 2054 4038 numerum
2089 3974 2304 4036 Versus
2334 3979 2621 4054 positum

374 4061 640 4135 videtur,
680 4036 1154 4140 quemadmodum
1191 4066 1344 4140 apud
1376 4047 1731 4124 Graecorum
1766 4064 2052 4143 Tragicos
2089 4055 2284 4142 φ’μοι,
2326 4063 2619 4140 aliaeque

373 4143 711 4221 hujusmodi
738 4163 931 4217 voces,
964 4149 1151 4205 animi
1184 4148 1455 4207 affectum
1477 4150 1823 4218 indicantes,
1866 4147 2162 4206 abundare
2201 4148 2409 4206 solent.
2497 4149 2623 4210 Ad

373 4226 527 4288 hanc
568 4251 708 4290 vero
755 4238 1061 4306 poetarum
1103 4233 1169 4289 in
1215 4235 1442 4291 minuto
1483 4235 1736 4292 artificio
1780 4232 2107 4290 libertatem
2152 4233 2394 4290 minime
2435 4229 2622 4288 refe-

368 4313 616 4380 rendum
642 4316 912 4393 videtur,
958 4316 1115 4399 quod
1142 4327 1346 4380 nostro
1379 4319 1635 4380 carmine
1668 4328 1805 4396 post
1843 4330 1891 4381 n
1924 4317 2161 4381 additur
2188 4315 2402 4376 Versus
2433 4317 2621 4376 sliu·
