2747 4800
200 363 219 375 ,
282 262 475 339 ’268
1084 268 1205 338 Pe.
1247 263 1366 355 39,
1431 233 1778 333 10413.

322 455 546 529 Deum,
608 464 669 512 et
710 454 930 512 nullum
970 450 1174 511 fecisse
1214 454 1307 529 pie
1343 449 1580 511 vivendi
1623 463 1829 527 operae
1868 447 2116 526 pretium
2154 447 2544 523 arbitrantur,

325 559 506 618 eoque
544 542 676 600 illos
721 539 1048 596 calamitate
1090 555 1318 613 pressos
1359 538 1535 593 etiam
1577 537 1857 609 irrident,
1916 546 1975 592 et
2014 533 2267 592 ludibrio
2307 533 2544 594 habent.

326 632 448 689 miv
477 625 606 685 1ι.·1.
637 624 835 682 eadem
865 625 1115 695 ratione,
1153 640 1268 699 qua
1300 633 1412 707 3123
1436 620 1534 678 Vs.
1566 622 1624 677 6.

502 728 601 783 10.
691 724 948 783 Eandem
990 742 1147 781 nunc
1190 722 1497 797 profitetur
1537 720 2071 794 mansuetudinem,
2129 738 2302 796 quam
2344 731 2403 779 et
2444 722 2544 784 Ps.

325 812 562 883 38514.
600 808 694 867 15.
728 809 1158 885 professus'est.
1246 806 1531 865 Audiebat
1560 806 1829 882 pietatem
1864 824 2025 861 suam
2064 824 2099 861 a
2131 806 2543 881 perditissimis

326 895 660 954 hominibus
692 891 906 965 rideri,
953 902 1011 951 et
1037 893 1153 950 sibi
1190 909 1417 969 quoque
1449 889 1595 946 falsa
1627 892 1853 947 multa
1837 892 2115 968 impingi·
2099 930 2116 959 ,
2178 902 2239 948 at
2272 894 2543 970 cogitans

327 983 452 1039 suis
494 977 745 1056 peccatis
788 979 983 1036 omnia
1021 976 1249 1048 deberi,
1304 995 1371 1031 ac
1406 975 1610 1033 Jovam
1640 993 1797 1047 esse,
1852 977 1951 1052 qui
1982 977 2167 1050 ipsum
2206 979 2548 1054 castigaret,

329 1066 621 1123 obmutuit
656 1064 730 1121 ad
761 1065 994 1136 omnia,
1032 1072 1092 1117 et
1119 1080 1195 1118 ne
1221 1061 1549 1130 verbulum,
1590 1061 1705 1117 nisi
1736 1059 1887 1136 apud
1917 1062 2103 1135 ipsum
2132 1055 2363 1133 Jovam,
2401 1080 2549 1136 que-

328 1160 454 1206 stus
495 1159 616 1207 est:
667 1146 985 1219 obmutui,
1042 1163 1148 1202 nec
1191 1147 1409 1244 aperui
1442 1162 1506 1204 οε
1550 1162 1766 1217 meum,
1826 1152 1892 1201 tu
1935 1147 2087 1202 enim
2113 1145 2412 1218 fecisti,
2438 1161 2545 1207 3733

316 1234 570 1314 plagam
613 1231 742 1312 (Vs.
781 1233 846 1288 ll
861 1229 944 1310 .),
1003 1242 1068 1289 tu
1099 1216 1476 1306 percussisti,
1522 1241 1698 1305 tuque
1737 1233 1896 1287 solus
1929 1231 2196 1304 sanabis,
2254 1241 2311 1288 te
2352 1225 2546 1312 igitur

329 1336 509 1377 unum
551 1321 799 1389 invoco,
839 1335 948 1374 nec
988 1319 1092 1375 alii
1134 1315 1390 1375 dolores
1405 1334 1562 1373 meos
1607 1333 1836 1391 queror.

504 1421 600 1478 11.
688 1427 835 1510 7⁹²³-
886 1413 1049 1504 7²:33⁷:
1103 1425 1248 1481 Ἶῦῗτ
1300 1415 1551 1477 Remove
1603 1417 1789 1495 igitur
1841 1435 1882 1472 a
1931 1433 2020 1472 me
2062 1415 2311 1495 plagam
2356 1425 2562 1493 tuam,

326 1507 593 1585 plagam,
635 1522 805 1581 quam
834 1512 899 1560 tu
930 1484 1247 1576 inflixisti,
1272 1512 1336 1560 tu
1369 1505 1493 1578 ipse
1521 1503 1661 1558 item
1686 1517 1949 1575 remove3
2006 1503 2126 1575 jam
2158 1504 2312 1560 enim
2345 1502 2542 1582 plagis

327 1609 557 1647 manus
576 1598 711 1647 tuae
754 1586 1088 1660 confectus,
1146 1590 1314 1663 plura
1347 1586 1500 1643 ferre
1538 1603 1658 1642 non
1690 1605 1959 1661 possum,
2019 1587 2173 1661 quod
2216 1586 2307 1643 his
2348 1590 2542 1645 verbis

325 1676 638 1750 exprimit.
693 1668 885 1760 7277222
937 1684 1044 1732 ’ΞΝ
1096 1679 1212 1761 ’Τι’
1260 1680 1486 1764 τιῖξιηῖἃ
1540 1668 1630 1728 Ab
1674 1672 2095 1747 exagitatione
2145 1690 2352 1729 manue
2400 1681 2544 1733 tuae

327 1777 436 1836 ego
483 1766 854 1829 consumtus,
907 1737 1307 1828 exanimatus,
1363 1750 1509 1812 itum.
1596 1752 1821 1812 Nomen
1864 1767 2076 1841 rrum,
2127 1766 2356 1832 praeter
2399 1756 2456 1814 Ιι.
2497 1759 2541 1816 1.

326 1862 450 1902 ιιοιι
481 1860 810 1915 occurrens,
854 1859 890 1898 a
913 1842 1092 1900 verbo
1128 1851 1253 1901 ms
1290 1840 1599 1910 incitavit,
1640 1822 1984 1899 concitavit
2003 1843 2087 1913 in,
2126 1843 2219 1899 vel
2252 1843 2541 1901 adversus

327 1927 512 1986 alium
563 1929 872 1985 commovit
928 1922 1081 2006 (qua
1124 1931 1365 1985 notione
1409 1922 1688 1982 Hebraeis
1735 1927 1953 2001 pariter
1998 1936 2057 1983 et
2104 1924 2410 1983 Chaldaeis
2453 1938 2546 1984 est

325 2014 641 2084 usitatum,
703 2013 825 2071 vid.
861 2010 1034 2071 Prov.
1067 2012 1165 2084 15,
1199 2012 1292 2069 18.
1338 2010 1455 2083 28,
1484 2009 1586 2066 25.
1627 2011 1729 2082 29,
1757 2012 1859 2067 22.
1909 2009 2083 2067 Deut.
2114 2012 2185 2082 2,
2221 2013 2277 2067 8.
2316 2013 2406 2067 19.
2438 2013 2543 2069 24.

324 2094 479 2156 Dan.
513 2100 612 2170 11,
641 2094 811 2175 25.),
850 2104 1021 2174 notat
1049 2097 1557 2177 exagitationem,
1612 2094 1902 2153 intellexit
1933 2115 2072 2173 ergo
2107 2106 2301 2169 vates,
2336 2095 2544 2154 Jovam

327 2184 497 2260 quasi
529 2185 824 2258 coutinuis
854 2185 1046 2264 plagis
1075 2199 1137 2239 ee
1166 2182 1521 2262 exagitasse,
1564 2182 1727 2237 nulla
1766 2182 1958 2258 quiete
1986 2183 2281 2257 permissa.

500 2292 596 2349 12.
654 2288 843 2370 Magis
872 2290 1058 2349 adhuc
1092 2286 1459 2348 atrocitatem
1494 2290 1899 2367 castigationis
1932 2292 2164 2351 divinae
2191 2300 2550 2373 exaggerat:

325 2375 518 2439 inam-i
566 2407 644 2418 -
684 2378 980 2438 177172’7172
1035 2373 1535 2454 Corn-optionibus
1586 2375 1654 2431 ob
1700 2376 2078 2453 iniquitatem
2123 2378 2432 2453 castigas,
2486 2376 2541 2434 si

324 2444 706 2540 castigaveris
744 2442 976 2534 virum,⁸
1024 2470 1085 2517 et
1130 2448 1438 2532 dissolvis,
1484 2462 1646 2517 sicut
1694 2461 1895 2535 tinea,
1942 2482 2103 2520 omne
2147 2460 2541 2520 desiderabile

324 2544 480 2618 ejus,
522 2546 578 2604 h.
611 2568 660 2604 e.
691 2546 826 2603 dum
864 2555 927 2602 tu
956 2544 1279 2615 hominem,
1323 2545 1396 2601 ob
1428 2547 1823 2623 iniquitatem,
1866 2551 2081 2606 rideris
2115 2557 2338 2607 tantum
2373 2549 2541 2622 quasi

213 2656 220 2663 ·
302 2630 688 2712 ‘objurgando
719 2631 1039 2709 castigare,
1093 2632 1292 2708 gravis
1324 2629 1463 2688 adeo
1498 2642 1586 2688 est
1627 2634 1946 2704 increpatio
1978 2644 2110 2707 tua,
2171 2642 2237 2690 ut
2272 2633 2441 2689 honio
2472 2651 2542 2688 ea

323 2716 497 2792 plane
534 2716 904 2787 conficiatur,
965 2727 1023 2774 et
1061 2725 1364 2773 evanescat
1404 2714 1677 2793 quicquid
1719 2718 1782 2772 in
1830 2738 1896 2776 eo
1938 2719 2122 2776 fuerit
2163 2716 2541 2776 desiderabile

328 2796 631 2891 (77772527),
691 2809 793 2858 aut
833 2802 1189 2876 speciosum,
1247 2819 1414 2859 omne
1454 2803 1666 2874 robur,
1719 2807 2017 2880 omnisque
2046 2807 2219 2884 vigor
2258 2803 2542 2878 corporis,

324 2900 447 2944 non
479 2904 662 2960 secus,
691 2895 861 2962 atque
889 2886 1185 2944 arroditur
1213 2895 1271 2943 et
1298 2890 1661 2944 consumitur
1687 2892 1864 2946 restis
1897 2909 1931 2947 a
1965 2891 2139 2946 tinea.
2201 2887 2330 2945 Hoc
2361 2886 2544 2942 simili

324 2973 552 3047 saepius
585 2973 674 3030 uti
711 2972 903 3028 solent
935 2978 1132 3047 poetae
1165 2968 1597 3040 Hebraeorum;
1657 2976 1739 3033 ita
1772 2971 1896 3030 Job.
1940 2974 2036 3043 13,
2068 2976 2167 3031 28.
2211 2979 2279 3028 ut
2320 2981 2541 3027 vestem

325 3056 588 3113 comedet
614 3055 776 3112 illum
806 3056 988 3116 tinea.
1040 3054 1153 3113 Jes.
1187 3059 1290 3128 50,
1320 3057 1379 3113 9.
1425 3075 1617 3114 omnes
1653 3058 1742 3114 illi
1773 3065 1840 3112 ut
1869 3077 2111 3137 pannus
2141 3066 2539 3127 veterascent,

327 3142 495 3198 tinea
535 3148 835 3198 consumet
877 3157 997 3197 coe.
1084 3139 1198 3212 51,
1243 3141 1301 3199 8.
1359 3143 1534 3219 quusi
1587 3154 1803 3200 vestem
1854 3151 2153 3200 consumet
2204 3160 2303 3199 eos
2351 3142 2539 3199 tinea.

324 3224 570 3283 Videtur
599 3227 794 3301 itaque
826 3236 885 3282 et
916 3235 1119 3283 nostro
1153 3226 1283 3283 loco
1315 3227 1727 3284 vestimentum
1765 3227 2250 3299 subaudiendum,
2306 3232 2376 3283 ut
2420 3236 2578 3282 non·

324 3327 462 3367 raro
507 3311 764 3386 aliquid,
821 3310 975 3386 quod
1012 3329 1085 3368 ex
1113 3312 1354 3386 reliquis
1389 3311 1581 3368 verbis
1616 3313 1757 3368 satis
1790 3310 2182 3393 intelligitur,
2237 3312 2429 3367 omitti
2468 3310 2541 3366 ab

321 3393 604 3452 Hebraeis
632 3394 1012 3470 scriptoribus
1043 3397 1269 3470 saepius
1294 3397 1415 3469 jam
1446 3397 1714 3453 vidimus.
1787 3395 1879 3456 De
1921 3410 2014 3457 ww
2052 3399 2238 3471 tinea,
2278 3396 2397 3454 vid.
2423 3393 2545 3453 Bm

325 3493 564 3537 cusan
593 3477 847 3537 Hier-oz.
882 3476 954 3537 T.
982 3478 1083 3538 111.
1122 3499 1178 3556 p.
1211 3477 1351 3536 513.
1393 3480 1480 3538 ed.
1511 3481 1668 3556 Lips.

509 3588 601 3643 13.
670 3598 911 3678 ³³7?th
945 3622 1022 3634 —-
1058 3587 1244 3677 πξηιύ
1277 3588 1440 3647 Audi
1476 3606 1733 3667 precem,
1772 3589 1946 3663 Jova,
1989 3574 2267 3650 ausculta
2297 3590 2548 3650 clamori

325 3690 469 3745 meo,
511 3656 787 3751 gradibus
797 3654 1156 3751 quibusdam
1178 3655 1263 3729 ad
1292 3692 1575 3730 summum
1603 3679 1886 3750 pervenit,
1919 3696 2052 3734 nam
2080 3683 2271 3756 primo
2295 3695 2544 3756 precem

324 3760 555 3854 posuit,
611 3758 861 3816 secundo
905 3761 1035 3818 loco
1080 3756 1425 3831 clamorem,
1482 3762 1657 3817 tertio
1697 3759 2069 3838 lachrymae,
2121 3764 2343 3821 addidit
2388 3763 2544 3818 enim

325 3844 588 3932 πὲἾῐζιιῖι·
604 3840 687 3921 bt}
725 3855 988 3937 ἾηξλιἾ·
1006 3841 1089 3929 >a
1126 3842 1209 3899 ad
1237 3841 1571 3921 lachrymas
1606 3864 1765 3904 meas
1798 3864 1867 3902 ne
1901 3847 2101 3922 sileae,
2145 3849 2313 3928 quasi
2327 3845 2548 3904 fletum

323 3909 525 3986 meu'in
549 3945 667 3985 non
706 3909 997 4002 audieris,
1053 3947 1200 3985 neve
1226 3929 1392 3986 nulla
1426 3940 1485 3987 te
1516 3932 1628 3987 mei
1664 3950 1842 3999 eura,
1896 3942 2169 4006 tanquam
2204 3934 2426 3991 alienae
2457 3933 2551 3988 rei

324 4022 385 4070 et
419 4023 731 4070 extraneae
752 4020 988 4091 tangat.
1063 4011 1152 4069 De
1184 4013 1330 4100 ιύζιπ
1358 4014 1612 4087 rid-28,
1649 4018 1700 4073 1.
1787 4015 1905 4073 Cur
1940 4028 2166 4090 autem,
2209 4037 2284 4074 ne
2314 4014 2548 4073 differat

328 4099 638 4168 auxilium,
675 4105 822 4166 oret,
864 4114 1095 4155 causam
1122 4081 1330 4155 adfert
1341 4098 1522 4157 hanct
1565 4097 1752 4163 *bzz
1787 4101 1961 4161 :725737
1998 4113 2135 4189 {37:33
2181 4105 2332 4161 7:³5&
2365 4109 2441 4159 '73
2471 4111 2548 4159 72

331 4176 526 4244 '¹177th
567 4179 720 4238 Nam
752 4183 1116 4260 peregrinus
1160 4198 1271 4261 ego
1306 4202 1436 4241 sum
1468 4200 1672 4242 coram
1707 4193 1766 4242 te
1808 4171 1913 4265 (cf.
1953 4187 2051 4261 18,
2063 4166 2186 4244 24.
2190 4171 2255 4264 ),
2295 4165 2552 4255 ἆιίυωια,

327 4245 408 4323 1ιὲ
442 4283 636 4323 omnes
668 4272 891 4344 patres
933 4266 1083 4337 mei,
1127 4267 1166 4323 i.
1196 4287 1245 4325 e.
1274 4270 1399 4326 vita
1429 4285 1559 4327 mea
1586 4288 1706 4327 non
1737 4278 1962 4329 tantum
2001 4290 2118 4329 non
2148 4281 2403 4340 certum,
2445 4267 2551 4327 sed.

330 4368 405 4408 ne
437 4351 782 4410 diuturnum
812 4351 1043 4429 quidem
1074 4360 1297 4430 tempus
1327 4350 1533 4426 habet,
1574 4357 1771 4431 quales
1810 4366 1870 4414 et
1906 4368 2040 4415 ante
2082 4376 2174 4416 me
2212 4354 2554 4436 peregrina-
