2747 4800
961 281 965 287 ’
1032 277 1156 345 Ρε.
1204 277 1325 361 42,
1385 273 1451 340 8.
1493 296 1562 363 9.
2215 269 2400 347 ’.285

193 462 527 518 immensam
562 476 733 535 super
763 476 825 517 se
860 458 1155 518 demisisse
1198 462 1317 519 vim
1352 477 1633 537 aquarum
1652 503 1673 535 ‚
1727 478 1874 541 quae
1914 462 2002 520 sic
2042 469 2395 536 aestuarent,

191 527 579 620 fluctibusque
610 555 1025 620 tempestuosae
1053 555 1279 618 essent,
1336 555 1405 603 ut
1431 565 1538 603 nec
1570 549 1709 606 navi
1736 547 1977 608 evadere
2008 548 2144 604 illas
2177 549 2394 606 liceret.

116 697 119 702 ¹
190 637 366 716 ΤἾὯ.
370 641 419 687 :t
461 624 611 712 ὲιρὶι
654 643 846 704 propr.
876 631 959 688 ad
994 648 1190 687 vocem
1232 629 1508 688 tuborum
1541 633 1636 688 vel
1663 634 2107 691 emissariorum
2138 640 2393 689 tuorum.

191 718 350 791 Ἶῆειζ
398 724 487 769 est
519 713 726 785 tubus,
769 716 1036 787 canalis,
1093 735 1197 792 per
1232 735 1400 794 quem
1441 733 1591 792 aqua
1636 720 1697 775 in
1738 719 1954 774 declive
1991 717 2211 788 fertur,
2251 728 2395 793 puta

193 816 262 854 ex
293 809 526 868 monte,
566 800 660 854 vel
690 817 765 856 ex
793 808 984 871 tecto,
1031 812 1098 856 ut
1131 800 1347 859 2Sam.
1385 799 1446 871 5,
1479 799 1538 859 8.
1560 841 1579 873 ,
1620 814 1915 878 praeterea
1944 800 2089 858 haec
2120 819 2238 858 vox
2273 820 2394 858 non

193 884 449 940 occurrit
495 883 556 938 in
599 878 663 937 V.
697 881 768 940 T.
855 883 973 942 Sed
1012 884 1315 943 Chaldaeis
1358 885 1465 968 illa
1506 886 1934 963 significatione
1980 886 2127 941 satis
2172 886 2394 942 usitata

190 978 295 1024 est.
380 965 687 1045 Respexiv
687 976 847 1024 vates
879 968 1033 1027 haud
1067 969 1236 1027 dubie
1272 960 1453 1046 aquas
1488 971 1798 1044 pluviales,
1844 988 1991 1055 quae
2020 985 2233 1048 magno
2264 989 2394 1026 cum

192 1051 429 1126 strepitu
465 1071 566 1126 per
601 1039 845 1111 declivia
887 1056 1380 1132 praecipitantur,
1419 1056 1742 1132 multasque
1783 1065 1842 1113 et
1879 1052 1974 1111 hic
2011 1064 2071 1111 et
2110 1054 2231 1110 illic
2272 1053 2393 1111 effi-

193 1137 355 1193 ciunt
395 1135 716 1195 eluviones.
797 1136 953 1196 Hinc
994 1159 1112 1198 non
1153 1142 1301 1196 male
1333 1139 1762 1197 Alexandrinus
1802 1135 1928 1200 τῶν
1961 1137 2395 1221 καταῤῥακτων

191 1243 338 1292 σου,
381 1231 440 1277 et
471 1219 753 1299 vulgatus
795 1222 1325 1281 catarrhactarum
1373 1231 1648 1288 tuarum.
1681 1227 1898 1301 posuit.
1983 1221 2394 1282 (atarrhactae

188 1306 340 1361 enim
373 1306 437 1361 in
470 1302 806 1364 fluminibus
838 1310 929 1365 vel
966 1309 1413 1388 aquaeductibus
1455 1309 1586 1365 loca
1629 1291 1802 1382 sunt,
1858 1309 1959 1366 ubi
2001 1327 2182 1384 aquae
2225 1328 2391 1386 prae-

191 1391 393 1466 cipites
436 1400 636 1448 ruunt.
726 1391 837 1450 Per
880 1388 1027 1475 Βῆρ,
1068 1411 1300 1465 rocem,
1345 1391 1403 1451 h.
1437 1393 1477 1448 l.
1521 1394 1619 1450 ille
1655 1411 1932 1469 aquarum
1965 1414 2068 1470 per
2103 1393 2390 1450 montium

193 1474 437 1531 declivia
493 1495 615 1532 sese
668 1479 1172 1553 praecipitantium
1224 1476 1427 1558 fragor
1483 1477 1895 1556 intelligendus
1954 1488 2063 1536 est.
2166 1476 2392 1535 Nomen

190 1560 378 1647 Ἶεξῑζῗᾈ
403 1557 676 1633 frantie,
720 1564 782 1617 in
819 1560 1036 1620 Plurali
1071 1563 1354 1638 accipitur
1387 1561 1455 1618 de
1479 1564 1771 1639 flactibus
1803 1582 1863 1618 se
1893 1574 2094 1619 mutuo
2126 1562 2391 1619 confrin-

190 1625 494 1724 gentibus,
550 1648 640 1701 vel
683 1665 827 1744 quae
861 1646 1217 1727 franguntur
1261 1665 1298 1705 a
1338 1649 1514 1704 litore
1559 1646 1774 1704 2Sam.
1804 1648 1919 1720 22,
1949 1647 2006 1703 5.
2049 1647 2146 1703 Ps.
2178 1647 2296 1718 88,
2330 1643 2387 1703 8.

190 1731 289 1801 93,
322 1730 383 1783 4.
468 1741 623 1792 ΕΠΖ»
667 1728 775 1818 ἰξξ
818 1729 1014 1810 Super
1055 1751 1144 1789 me
1189 1734 1606 1803 transierunt,
1660 1730 1714 1788 h.
1744 1753 1791 1790 e.
1826 1732 2290 1801 inundaverunt,
2329 1745 2390 1788 et

187 1824 461 1891 tanquam
492 1797 597 1872 su⁸o
629 1798 844 1891 impetu
877 1828 1199 1894 correptum
1230 1816 1643 1888 demerserunt,
1691 1827 1779 1873 est
1809 1820 1961 1874 enim
1993 1815 2230 1873 verbum
2260 1823 2390 1877 Ἶὲἱθ

184 1901 420 1975 proprie
452 1919 760 1976 aquarum,
804 1904 1021 1975 impetu
1055 1902 1462 1974 defluentium,
1514 1912 1573 1958 et
1610 1902 1845 1959 obvium
1877 1903 2126 1979 quidque
2154 1883 2393 1976 rapien-

189 1986 355 2042 tium.
426 1982 553 2041 vid.
593 1987 732 2057 124,
762 1989 823 2042 4.
870 1985 999 2043 Jon.
1031 1987 1093 2062 2,
1125 1989 1183 2044 4.

354 2068 417 2128 9.
474 2068 832 2129 Felicitatem
873 2080 1061 2128 autem
1105 2070 1435 2146 pristinam,
1479 2070 1612 2127 dum
1644 2071 1886 2128 collecto
1919 2069 1992 2127 ad
2023 2089 2083 2126 se
2114 2063 2388 2127 universo

188 2154 401 2232 populo
446 2154 592 2210 festa
629 2152 754 2212 Deo
795 2156 1143 2227 celebraret,
1201 2159 1435 2230 ejusque
1473 2156 1665 2211 laudes
1698 2166 1956 2228 caneret,
2012 2153 2171 2210 hisce
2196 2155 2390 2212 zerbis
2489 2223 2508 2240 ·

183 2239 647 2298 indicatt‘170rx
693 2242 853 2299 ἤια-ι’
893 2251 1056 2319 ryg*
1098 2244 1244 2301 07:5⁶³
1280 2236 1559 2296 Interdiu
1593 2238 1910 2298 mandabat
1933 2239 2089 2298 Jova
2123 2236 2390 2316 benigni-

185 2332 374 2380 tatem
413 2319 601 2394 suani,
626 2305 1059 2404 ιιὶιΙεὲάὺειεάἅ
1084 2346 1172 2382 me
1203 2335 1475 2402 tanquam
1505 2324 1795 2396 famulam,
1846 2326 2010 2382 illam
2041 2322 2183 2380 mihi
2220 2344 2388 2400 prac-

182 2410 413 2480 stabat,
457 2409 698 2465 curabat
732 2411 889 2467 illam
926 2410 1069 2467 mihi
1108 2411 1378 2468 obvenire
1421 2405 2385 2503 (cf.133,3.).2·1‘·1·³n5=-÷.⁷?.3·1

184 2506 302 2573 ’ξιξ
337 2492 425 2550 Ee
467 2501 647 2548 noctu
690 2498 988 2552 canticum
1042 2495 1173 2567 ejus
1228 2513 1446 2552 mecum
1497 2504 1656 2566 erat,
1718 2505 1898 2553 noctu
1942 2497 2115 2552 etiam
2164 2478 2265 2552 ab'
2283 2497 2383 2552 illo
2471 2539 2477 2545 .

182 2597 359 2635 causa
393 2577 537 2634 mibi
571 2580 1040 2654 suppeditabatur
1073 2580 1397 2636 celebrandi
1437 2581 1623 2679 ipsum
1660 2582 1902 2637 caniticis
1932 2582 2092 2636 meis.
2167 2578 2387 2637 Sensus

182 2673 306 2721 est.
374 2664 530 2720 Olim
570 2660 719 2720 Jova
756 2664 898 2721 mihi
934 2667 1211 2722 continuo
1255 2662 1344 2741 (id
1377 2667 1529 2720 enim
1560 2663 1924 2743 significatur
1951 2663 2238 2721 formula.
2281 2663 2386 2720 diu

180 2741 500 2826 noctuque)
546 2767 649 2822 ope
682 2765 785 2804 sua
817 2748 1037 2822 adfuit,
1089 2768 1242 2806 nunc
1275 2749 1533 2824 quotidie
1563 2747 1706 2805 mihi
1736 2767 1887 2806 nova
1922 2750 2199 2826 quaedam
2226 2749 2385 2805 cala·
2449 2784 2452 2785 ν

179 2835 379 2905 initas,
415 2830 552 2888 hinc
591 2846 706 2920 ’ξι-ι
747 2827 868 2897 bx}
909 2830 1089 2923 Γξειττι
1126 2835 1409 2912 precatio
1450 2831 1531 2888 ad
1559 2829 1747 2888 Deum
1779 2835 1941 2890 vitae
1972 2850 2150 2904 meae,
2194 2833 2386 2890 oratio

178 2937 309 2975 mea
336 2915 558 2987 Deum,
598 2926 892 2975 auctorem
935 2898 1092 2974 witae
1129 2936 1320 2985 meae,
1364 2917 1645 2974 sollicitat
1676 2934 1863 2988 nunc,
1907 2928 1973 2974 ut
1997 2917 2138 2974 velit
2167 2918 2388 2992 pariter

176 3020 303 3060 esse
342 3003 467 3075 ejus
508 3011 787 3058 servator.
869 3002 985 3059 Pro
1027 3014 1139 3062 ”n
1178 3002 1342 3058 vitae
1382 3018 1576 3072 meae,
1635 3000 1860 3059 codices
1899 3000 2168 3057 nonnulli
2207 3019 2384 3057 manu

177 3087 445 3157 exarati,
489 3104 594 3142 nec
637 3104 754 3143 non
788 3085 1011 3162 Syrus,
1060 3066 1333 3144 exhibent
1367 3100 1475 3176 ⁸12,
1531 3095 1598 3141 ut
1626 3096 1684 3141 et
1711 3104 1884 3161 supra
1913 3085 2009 3143 Vs.
2038 3086 2096 3142 3.
2141 3098 2215 3146 ’Π
2262 3078 2384 3179 »Νξ

174 3174 417 3253 legitur.
504 3169 618 3229 Sed
649 3169 782 3226 huic
814 3171 1020 3229 versui
1058 3174 1240 3228 multo
1281 3153 1472 3248 aptior
1512 3180 1600 3227 est
1635 3172 1808 3228 lectio
1852 3172 2109 3247 vulgata.
2187 3149 2388 3236 Quuni

177 3260 333 3315 enim
370 3253 556 3312 Deum
588 3256 851 3331 precibus
879 3257 1001 3313 suis
1029 3258 1477 3315 sollicitaturum
1506 3254 1696 3326 dicat,
1735 3271 1873 3312 sane
1901 3270 2174 3331 perquam
2205 3271 2386 3329 appo-
2479 3278 2486 3285 ·

176 3345 287 3399 site
318 3337 513 3397 Deum
552 3342 715 3397 vitae
753 3357 896 3397 suae
937 3342 1102 3399 illum
1131 3343 1400 3417 appellat,
1445 3338 1556 3397 hoc
1580 3349 1688 3409 est,
1725 3340 1822 3395 cui
1848 3341 1962 3397 soli
1988 3357 2151 3396 suam
2182 3335 2385 3395 debeat

174 3429 362 3484 vitam
395 3434 454 3480 et
489 3425 947 3500 prosperitatem,
988 3435 1108 3484 tam
1139 3436 1205 3483 ut
1234 3425 1448 3497 datori,
1488 3443 1660 3500 quam
1690 3432 1758 3480 ut
1786 3425 2094 3482 servatori.
2165 3422 2382 3480 Eadem

177 3514 411 3569 ratione
439 3506 694 3565 Davides
721 3511 824 3582 24,
853 3514 909 3570 ὁ.
940 3508 1125 3567 Deum
1153 3508 1539 3569 vocabDeum
1569 3507 1786 3566 salutis
1820 3525 2000 3583 suae3
2043 3507 2116 3564 cf.
2145 3508 2224 3564 ibi
2255 3516 2380 3564 not.

171 3594 529 3667 Interpretes
560 3602 784 3650 tantum
816 3612 936 3650 non
961 3613 1157 3652 omnes
1184 3593 1341 3652 hunc
1370 3594 1608 3651 Versum
1641 3594 1703 3648 in
1734 3588 1967 3650 Futuro
1999 3590 2269 3665 reddunt,
2311 3600 2383 3649 ut

174 3697 385 3736 seusus
423 3689 791 3735 enasceretur
821 3677 948 3736 hic:
1006 3698 1205 3755 spero,
1252 3678 1458 3736 Jovam
1498 3678 1763 3751 deinceps
1809 3679 2087 3735 continuo
2128 3695 2234 3751 ope
2276 3694 2382 3732 sua

172 3763 316 3821 mihi
353 3760 670 3820 affuturum
704 3782 845 3820 esse.
927 3762 1091 3822 Illam
1125 3773 1351 3836 tamen,
1396 3780 1567 3839 quam
1598 3779 1705 3817 nos
1747 3759 2041 3833 dedimus,
2096 3762 2384 3834 interpre-

172 3850 485 3918 tationem,
528 3865 809 3923 quamque
839 3850 1056 3924 primus
1088 3848 1460 3905 Aben-Esra
1490 3847 1823 3922 proposuit,
1862 3844 2129 3924 flagitare
2152 3843 2386 3901 videtur

171 3939 333 3989 totus
389 3932 674 3988 orationis
717 3943 915 4004 tenor,
966 3936 1300 4009 praesertim
1332 3932 1499 4005 liujus
1537 3932 1746 3987 Versus
1780 3931 2095 3987 conclusio.
2181 3926 2379 4004 Neque

173 4017 373 4074 obstat
399 4014 539 4073 huic
569 4017 990 4093 interpretandi
1017 4018 1258 4088 rationi,
1300 4018 1453 4093 quod
1486 4027 1686 4106 fluv,
1727 4016 1967 4087 propria
1995 4012 2224 4071 Futurt'
2257 4012 2381 4070 for-

171 4118 296 4173 ma,
342 4111 436 4158 est
461 4102 681 4175 posita,
724 4120 909 4201 quum·
926 4099 1071 4159 satis
1102 4108 1355 4172 constet,
1394 4118 1563 4175 quam
1592 4110 1807 4199 parum
1827 4108 2098 4156 accurate
2129 4097 2383 4156 Hebraei

167 4186 518 4259 praesertim
544 4197 765 4261 poetae,
802 4198 861 4243 et
892 4187 1002 4264 ipsi
1035 4187 1206 4243 etiam
1239 4184 1545 4255 historici,
1590 4186 1651 4241 in
1688 4184 2036 4255 usurpandis
2063 4194 2384 4259 temporum

166 4267 374 4327 formis
399 4271 627 4328 versari
653 4272 893 4331 soleant.
962 4270 1242 4350 Exempla
1271 4270 1440 4352 plura
1472 4266 1646 4329 habes
1676 4270 1782 4344 44,
1811 4270 1873 4326 3.
1906 4271 2075 4327 10-—
2099 4269 2196 4328 15.
2248 4267 2380 4325 Vid.

160 4353 376 4415 etEx.
416 4354 536 4431 33,
574 4361 635 4418 7.
