2747 4800
282 281 287 294 ’
346 282 505 356 270
1205 287 1327 355 Pe.
1379 290 1499 370 40,
1558 307 1623 352 a.
1666 283 1735 354 3.

351 479 652 550 terpretes,
677 470 779 548 qni
803 470 1035 549 quidem
1059 469 1345 529 vaticinia
1366 467 1440 528 de
1463 463 1701 528 Christe
1728 470 1793 528 in
1811 467 1882 528 V.
1900 467 1975 528 T.
2000 467 2252 527 existere
2283 478 2574 545 statuunt,

351 567 543 616 totum
574 553 685 612 hoc
712 573 940 613 carmen
969 557 1042 615 ad
1064 555 1301 629 lesum,
1338 554 1643 627 Messinm,
1685 555 1968 613 referunt.
2051 554 2209 613 Sunt
2233 563 2461 630 tamen,
2498 569 2574 616 ut

342 642 466 716 jam
514 639 845 698 observavit
885 639 1290 699 Runmamms
1309 682 1327 715 ,
1389 640 1653 716 „quibus
1696 641 2102 716 interpretatio
2148 638 2448 716 Epistulae
2491 643 2573 702 ad

346 724 676 797 Hebraeos,
732 735 799 783 nt
834 726 1144 804 ingeniosa
1182 735 1242 783 et
1286 728 1420 802 pia,
1480 726 1743 782 violenta
1772 734 1969 784 tamen
1996 734 2058 783 et
2087 734 2289 782 eoacta
2315 726 2571 799 videtur,

346 819 410 868 et
441 811 631 889 magis
664 809 735 867 dc
758 810 973 868 Graeci
1006 813 1340 885 interpretis
1366 808 1767 881 Palinurum,
1823 828 1996 886 quam
2037 809 2229 866 verbis
2270 811 2424 867 vatis
2465 810 2572 868 de-

212 903 224 916 “
347 894 504 967 duci,
532 903 591 951 et
619 896 746 970 plns
777 896 1016 952 omnino
1052 896 1352 973 colligere,
1384 911 1554 972 quam
1579 893 1774 953 David
1804 894 2010 953 dooere
2036 894 2349 952 voluerit.“
2422 893 2569 968 Alii,

344 980 449 1058 qui
478 980 620 1037 bene
649 980 1075 1057 intelligerent,
1114 990 1465 1052 postremam
1496 980 1770 1037 carminis
1801 989 2024 1055 partem
2067 974 2203 1057 (va.
2239 980 2410 1036 12-
2433 978 2565 1057 18.)

343 1062 590 1123 Messiae
620 1064 814 1122 minus
839 1066 1185 1135 convenire,
1223 1065 1564 1140 praesertim
1596 1063 1773 1122 verba
1802 1062 1899 1120 Vs.
1932 1066 2026 1122 13.
2011 1103 2062 1137 .,
2117 1080 2263 1141 qnae
2293 1074 2568 1140 peccato-

343 1167 476 1207 rum
515 1147 936 1206 confessionem
978 1150 1313 1222 continent,
1354 1147 1507 1206 hanc
1537 1149 1693 1205 viam
1724 1146 2033 1206 ineundam
2067 1160 2454 1223 censuerunt,
2495 1158 2569 1207 ut

344 1233 410 1290 in
439 1234 628 1308 prima
651 1242 712 1289 et
737 1233 942 1291 ultima
964 1231 1183 1290 Psalmi
1213 1243 1380 1308 parte
1404 1232 1689 1291 Davidem
1721 1232 1791 1291 de
1823 1251 1884 1290 se
1911 1234 2076 1310 loqui
2108 1243 2455 1310 statuerent,

303 1366 312 1374 .
341 1318 534 1376 media
558 1327 754 1377 autem
778 1315 875 1374 Vs.
909 1321 1045 1376 7-
1066 1318 1167 1375 11.
1190 1316 1464 1376 Messinm
1491 1320 1818 1394 loquentem
1849 1316 2068 1375 induci.
2154 1301 2342 1386 Quam
2378 1320 2567 1378 inter-

345 1403 736 1479 pretationem
778 1404 1009 1462 sobriae
1048 1401 1501 1462 hermeneutices
1533 1404 1695 1480 leges
1725 1403 1831 1459 vix
1862 1402 2196 1461 admittant.
2277 1404 2566 1462 Accurate

339 1497 402 1545 et
441 1488 675 1565 copiose
715 1485 874 1547 hunc
909 1485 1006 1544 Ps.
1036 1488 1356 1560 explicavit
1385 1486 1437 1544 J.
1468 1485 1544 1545 D.
1575 1485 1955 1545 Mlcusnus:
2001 1484 2338 1545 Critisches
2375 1486 2567 1548 Collo-

336 1572 498 1649 gium
539 1571 686 1629 iiber
729 1571 827 1629 die
869 1569 1016 1647 drey
1054 1569 1440 1648 wichtigsten
1479 1568 1751 1629 Psalmen
1791 1589 1906 1629 von
1954 1570 2238 1645 Christo,
2306 1570 2418 1630 dou
2461 1575 2565 1640 16.

339 1658 444 1716 40.
487 1656 612 1716 und
646 1658 789 1715 110.
833 1650 1027 1714 Frcol'.
1058 1666 1119 1714 et
1145 1654 1449 1735 Goetting.
1499 1655 1682 1712 1759.
1736 1658 1796 1714 8.
1848 1676 1903 1733 p.
1941 1654 2329 1716 253—451.
2409 1657 2564 1717 Prae

337 1743 547 1800 ceteris
577 1749 770 1799 autem
797 1740 978 1820 digna
1003 1748 1175 1813 sunt,
1215 1758 1362 1816 quae
1391 1741 1684 1819 legantur,
1726 1758 1874 1817 quae
1901 1749 2027 1799 tum
2059 1740 2128 1798 de
2155 1744 2338 1800 totius
2365 1744 2562 1801 nostri

338 1827 654 1898 carminis,
713 1835 836 1883 tum
878 1827 1180 1902 speciatim
1222 1824 1292 1882 de
1328 1824 1541 1882 Versus
1575 1829 1632 1884 8.
1681 1826 2068 1902 explicatione
2111 1829 2342 1885 monuit
2382 1825 2448 1887 C.
2485 1827 2563 1887 G.

333 1907 643 1970 Humum
680 1911 745 1968 in
772 1907 1218 1988 Bemorkungon
1253 1908 1398 1968 saber
1425 1907 1649 1968 Stollen
1689 1908 1800 1968 der
1827 1907 2099 1968 Psalmen
2137 1910 2261 1969 und
2288 1908 2563 1986 Genesis,

332 1992 549 2055 Hamb.
587 1995 766 2055 1791.
802 2015 860 2074 p.
892 1997 993 2054 61.
998 2014 1145 2073 sqq.

502 2123 564 2181 2.
622 2123 784 2183 Πῆπῖ
822 2135 1006 2210 “pr
1049 2124 1180 2210 reip
1207 2120 1638 2210 Exspectanda
1669 2123 2021 2204 exspectavi
2048 2120 2387 2200 Dominum,
2422 2145 2559 2202 per-

334 2208 519 2276 tinaci
563 2189 781 2266 fiducia⁸
816 2206 930 2266 Dei
972 2227 1135 2286 opem
1176 2195 1560 2284 praestolatus
1603 2227 1749 2267 sum.
1835 2208 2165 2268 infinitivus
2206 2213 2360 2268 enim
2397 2210 2557 2272 haud

328 2311 467 2351 raro
511 2291 693 2350 verbo
738 2310 846 2350 suo
890 2293 1059 2351 finito
1103 2294 1499 2370 praemittitur
1539 2293 1612 2350 ad
1658 2295 1983 2374 augendam
2024 2295 2445 2371 quodammodo
2493 2306 2557 2355 et

330 2374 741 2436 intendendam
771 2377 1272 2458 significationem.
1345 2389 1544 2466 πιξπυ
1584 2390 1798 2471 ΜΨἻ
1834 2374 1951 2445 ΒΝ
1984 2389 2098 2442 :2¹⁸7
2127 2378 2214 2438 Et
2243 2380 2555 2440 inclinavit

329 2476 530 2521 aurem
560 2459 744 2540 (quod
777 2480 988 2520 nomen
1013 2463 1251 2522 subaud.
1277 2481 1352 2520 ex
1377 2444 1474 2520 Ps'.
1479 2446 1599 2536 17,
1615 2467 1671 2522 6.
1692 2446 1918 2544 ¹31,.3)
1925 2445 2100 2524 -..ad
2058 2483 2168 2538 me,
2198 2466 2554 2545 audivitque

324 2544 827 2619 vociferatwuem
868 2565 1070 2607 meam.
1152 2550 1345 2616 Quum
1387 2547 1453 2604 in
1483 2551 1755 2609 maximis
1789 2551 1958 2611 malis
1993 2548 2290 2625 haereret,
2346 2570 2408 2609 se
2451 2553 2552 2611 in-

330 2631 492 2690 ducit
533 2632 697 2689 velut
734 2650 809 2691 ex
849 2632 1140 2710 profundo
1186 2633 1261 2691 ad
1303 2629 1494 2690 Deum
1533 2634 1981 2708 vociferantem,
2040 2644 2100 2695 et
2135 2632 2357 2710 Deum,
2415 2654 2550 2698 cum

329 2731 500 2789 opem
541 2716 716 2790 tulit,
771 2718 939 2794 quasi
984 2736 1060 2776 ex
1104 2720 1227 2777 alto
1272 2736 1337 2776 se
1384 2715 1459 2775 ad
1500 2719 1693 2795 ipsum
1736 2720 2068 2796 demisisse,
2124 2728 2187 2778 et
2226 2738 2429 2781 aurem
2470 2718 2550 2782 ad

324 2798 807 2861 vociferationem
848 2820 1014 2862 suam
1052 2803 1381 2863 inclinasse.

496 2928 556 2986 3.
640 2926 734 2987 Ad
769 2931 1076 3003 malornm,
1113 2930 1178 2988 in
1206 2930 1416 3008 quibus
1443 2929 1647 3006 fuerit,
1687 2932 2147 3014 magnitudinem
2178 2951 2548 3015 exaggeran-

325 3013 459 3074 dam
496 3009 675 3088 fscit,
728 3015 885 3094 quod
924 3016 1097 3074 dicit.
1156 3014 1313 3103 rim&
1355 3017 1520 3077 *¹5:72
1570 3013 1783 3107 '359’7
1817 3018 2195 3077 Adae-endere
2237 3037 2326 3075 me
2348 3019 2545 3096 fecit,

322 3098 530 3159 eduxit
560 3116 683 3171 me,
725 3118 759 3157 e
792 3107 983 3179 puteo
1025 3101 1361 3178 strepitus,
1410 3099 1465 3158 h.
1497 3122 1550 3159 e.
1594 3085 1665 3159 de
1701 3114 1876 3180 puteo
1909 3113 2072 3162 aestu
2087 3106 2544 3204 ‘agitationeque

320 3199 604 3261 aquarum
633 3194 1047 3262 perstrepente.
1134 3184 1238 3244 Sic
1273 3187 1432 3243 enim
1465 3184 1655 3274 ᾐτιῶ,
1699 3190 1857 3265 quod
1895 3190 1961 3246 in
1999 3190 2334 3247 universum
2375 3199 2543 3247 stre-

308 3270 551 3348 pitum,
595 3269 905 3326 tumultum
946 3270 1225 3343 denotat,
1269 3271 1338 3328 de
1372 3287 1651 3347 aquarum
1681 3275 2056 3350 strepentium
2087 3275 2286 3332 sonitu
2320 3273 2544 3337 dicitur

321 3370 552 3432 quoqne
594 3350 699 3426 ⁶5,
732 3355 794 3414 8.
843 3351 958 3411 Jes.
996 3356 1092 3428 17,
1129 3355 1223 3410 12.
1262 3359 1355 3416 13
1440 3356 1593 3429 Alii,
1653 3355 1791 3415 huic
1830 3360 2055 3415 nomini
2099 3356 2155 3415 h.
2193 3360 2236 3415 1.
2281 3360 2539 3417 nominis

318 3436 498 3499 naim·
541 3433 979 3498 devastationis
1020 3434 1179 3518 (vid.
1225 3437 1321 3497 Ps.
1368 3438 1485 3513 35,
1520 3438 1618 3521 8.)
1665 3443 2151 3523 significationem
2192 3444 2541 3518 tribuentes,

315 3503 476 3604 Ῥᾶιυ
513 3527 632 3581 ἿἾΞ
661 3533 902 3583 vertunt
924 3522 1179 3596 foveam
1207 3523 1520 3583 interitus.
1590 3525 1693 3586 Sic
1719 3528 2180 3587 Alexandrinus.
2213 3529 2277 3589 ἐκ
2303 3521 2542 3591 λάκκου

317 3602 758 3683 ταλαιπωρίας,
802 3631 834 3668 e
870 3609 1005 3667 lacn
1043 3611 1336 3667 miseriae.
1423 3609 1540 3669 Sed
1570 3613 1809 3669 minime
1841 3631 2072 3670 necesse
2105 3624 2215 3686 est,
2257 3616 2538 3672 usitatam

316 3692 510 3747 nostri
556 3698 713 3772 ῚῚΝΨ
764 3697 1065 3771 notionem
1118 3694 1174 3751 h.
1225 3692 1269 3750 1.
1317 3695 1580 3769 linquere
1636 3693 1845 3775 (quam
1892 3700 2076 3775 ipsam
2121 3716 2195 3757 ex
2238 3699 2535 3756 veteribus

314 3773 635 3834 Chaldaeus
678 3780 854 3837 etiam
901 3790 961 3837 et
1004 3778 1398 3856 Hieronymus
1438 3780 1911 3860 expresserunt),
1973 3784 2314 3884 praesertim
2356 3796 2536 3859 quum

314 3861 627 3941 imaginem
658 3864 1002 3921 vividiorem
1038 3866 1205 3923 nobis
1228 3866 1418 3921 sistat.
1471 3864 1686 3924 Statim
1714 3869 1959 3925 similem
1988 3870 2299 3947 imaginem
2328 3866 2535 3927 addit.

313 3952 467 4034 '32217
503 3957 680 4007 mm:
724 3966 756 4003 e
797 3947 922 4004 luto
964 3951 1158 4022 coeni,
1215 3947 1272 4006 h.
1306 3969 1355 4007 e
1400 3947 1470 4009 de
1510 3952 1635 4009 luto
1668 3955 1919 4009 maxime
1955 3952 2278 4029 profund03
2335 3953 2536 4030 signi—

311 4012 508 4088 ficatio
553 4033 708 4088 enim
766 4033 1096 4091 intenditur
1139 4052 1602 4112 synonymorum
1648 4026 2078 4110 conjunctione.
2167 4035 2398 4094 Nomen
2437 4048 2536 4128 ηπ

310 4123 543 4190 praeter
582 4113 636 4171 h.
667 4117 705 4172 l.
746 4125 970 4174 tantum
1016 4129 1209 4176 exstat
1246 4121 1350 4192 69,
1383 4121 1488 4192 3.
1547 4140 1654 4178 nec
1696 4120 1909 4183 habent
1951 4121 2101 4179 illud
2136 4131 2361 4179 ceterae
2393 4138 2531 4181 cum

309 4197 516 4277 lingua
548 4196 787 4259 hebraea
819 4212 1100 4276 cognatae
1132 4204 1384 4261 dialecti.
1447 4207 1638 4274 Quum
1669 4214 1864 4264 tamen
1897 4204 2330 4264 Alexandrinus
2357 4216 2531 4263 ntro-

309 4280 483 4358 bique
514 4280 673 4356 ἵλυν,
717 4283 1003 4365 vulgatus
1034 4297 1093 4344 ct
1118 4285 1561 4366 Hieronymus
1535 4309 1657 4364 Jam
1681 4290 1961 4364 faecem,
1997 4294 2119 4365 jam
2146 4290 2366 4362 tutuno,
2402 4292 2529 4363 jam

307 4382 548 4426 eoem
562 4409 583 4444 ,
636 4379 697 4429 et
725 4368 1047 4433 chaldaeu-
1081 4382 1286 4433 nostro
1317 4376 1451 4435 loco
1487 4394 1727 4439 coenum
1763 4385 2036 4452 vertant3
2094 4375 2305 4436 horum
2338 4377 2527 4433 inter-
