<?xml version="1.0" encoding="UTF-8"?>
<!DOCTYPE html PUBLIC "-//W3C//DTD XHTML 1.0 Transitional//EN"
    "http://www.w3.org/TR/xhtml1/DTD/xhtml1-transitional.dtd">
<html xmlns="http://www.w3.org/1999/xhtml" xml:lang="en" lang="en">
 <head>
  <title>
</title>
<meta http-equiv="Content-Type" content="text/html;charset=utf-8" />
  <meta name='ocr-system' content='tesseract 3.04.00' />
  <meta name='ocr-capabilities' content='ocr_page ocr_carea ocr_par ocr_line ocrx_word'/>
</head>
<body>
  <div class='ocr_page' id='page_1' title='image "./ernfridcarrosen02rosegoog_0751.png"; bbox 0 0 2747 4800; ppageno 0'>
   <div class='ocr_carea' id='block_1_1' title="bbox 1047 291 2378 386">
    <p class='ocr_par' dir='ltr' id='par_1_1' title="bbox 1047 291 2378 386">
     <span class='ocr_line' id='line_1_1' title="bbox 1047 291 2378 386; baseline -0.001 -22"><span class='ocrx_word' id='word_1_1' title='bbox 1047 298 1165 364; x_wconf 67' lang='lat'><strong>1²³.</strong></span> <span class='ocrx_word' id='word_1_2' title='bbox 1223 312 1516 386; x_wconf 80' lang='lat'><strong>-127,1.</strong></span> <span class='ocrx_word' id='word_1_3' title='bbox 1852 317 1859 326; x_wconf 92' lang='lat'><strong>·</strong></span> <span class='ocrx_word' id='word_1_4' title='bbox 2229 291 2378 364; x_wconf 83' lang='lat'><strong>637</strong></span> 
     </span>
    </p>
   </div>
   <div class='ocr_carea' id='block_1_2' title="bbox 180 475 2380 626">
    <p class='ocr_par' dir='ltr' id='par_1_2' title="bbox 180 475 2380 626">
     <span class='ocr_line' id='line_1_2' title="bbox 180 475 2380 604; baseline 0.003 -69"><span class='ocrx_word' id='word_1_5' title='bbox 180 497 348 536; x_wconf 86' lang='lat' dir='ltr'><strong>sunm</strong></span> <span class='ocrx_word' id='word_1_6' title='bbox 401 477 694 557; x_wconf 76' lang='lat' dir='ltr'><strong>gaudens,</strong></span> <span class='ocrx_word' id='word_1_7' title='bbox 760 487 819 538; x_wconf 85' lang='lat' dir='ltr'><strong>et</strong></span> <span class='ocrx_word' id='word_1_8' title='bbox 874 489 1137 556; x_wconf 83' lang='lat' dir='ltr'><strong>reportat</strong></span> <span class='ocrx_word' id='word_1_9' title='bbox 1192 479 1330 541; x_wconf 75' lang='lat' dir='ltr'><strong>inda</strong></span> <span class='ocrx_word' id='word_1_10' title='bbox 1382 479 1571 542; x_wconf 79' lang='lat' dir='ltr'><strong>laetus</strong></span> <span class='ocrx_word' id='word_1_11' title='bbox 1617 475 1925 541; x_wconf 84' lang='lat' dir='ltr'><strong>fasciculos</strong></span> <span class='ocrx_word' id='word_1_12' title='bbox 1964 480 2380 604; x_wconf 79' lang='lat' dir='ltr'><strong>frumentorum</strong></span> 
     </span>
     <span class='ocr_line' id='line_1_3' title="bbox 180 564 1103 626; baseline 0.005 -5"><span class='ocrx_word' id='word_1_13' title='bbox 180 582 419 622; x_wconf 81' lang='lat' dir='ltr'><strong>suorum</strong></span> <span class='ocrx_word' id='word_1_14' title='bbox 457 567 530 624; x_wconf 74' lang='lat' dir='ltr'><strong>ds</strong></span> <span class='ocrx_word' id='word_1_15' title='bbox 573 582 756 623; x_wconf 68' lang='lat' dir='ltr'><strong>mesu</strong></span> <span class='ocrx_word' id='word_1_16' title='bbox 792 564 1103 626; x_wconf 75' lang='lat' dir='ltr'><strong>uberrima.</strong></span> 
     </span>
    </p>
   </div>
   <div class='ocr_carea' id='block_1_3' title="bbox 1142 751 1450 816">
    <p class='ocr_par' dir='ltr' id='par_1_3' title="bbox 1142 751 1450 816">
     <span class='ocr_line' id='line_1_4' title="bbox 1142 751 1450 816; baseline 0.016 -5"><span class='ocrx_word' id='word_1_17' title='bbox 1142 751 1253 813; x_wconf 87' lang='lat' dir='ltr'><strong>Ps.</strong></span> <span class='ocrx_word' id='word_1_18' title='bbox 1311 758 1450 816; x_wconf 89' lang='grc'><strong>127.</strong></span> 
     </span>
    </p>
   </div>
   <div class='ocr_carea' id='block_1_4' title="bbox 177 864 2481 2564">
    <p class='ocr_par' dir='ltr' id='par_1_4' title="bbox 177 864 2391 1204">
     <span class='ocr_line' id='line_1_5' title="bbox 349 864 2391 947; baseline 0 -20"><span class='ocrx_word' id='word_1_19' title='bbox 349 867 575 944; x_wconf 83' lang='lat' dir='ltr'><strong>Docet,</strong></span> <span class='ocrx_word' id='word_1_20' title='bbox 632 872 826 929; x_wconf 90' lang='lat' dir='ltr'><strong>nullos</strong></span> <span class='ocrx_word' id='word_1_21' title='bbox 867 868 1163 931; x_wconf 73' lang='lat' dir='ltr'><strong>hominum</strong></span> <span class='ocrx_word' id='word_1_22' title='bbox 1208 873 1438 933; x_wconf 89' lang='lat' dir='ltr'><strong>labores</strong></span> <span class='ocrx_word' id='word_1_23' title='bbox 1481 894 1608 934; x_wconf 87' lang='lat' dir='ltr'><strong>esse</strong></span> <span class='ocrx_word' id='word_1_24' title='bbox 1655 864 1885 947; x_wconf 74' lang='lat' dir='ltr'><strong>felices,</strong></span> <span class='ocrx_word' id='word_1_25' title='bbox 1942 873 2105 930; x_wconf 87' lang='lat' dir='ltr'><strong>nulla</strong></span> <span class='ocrx_word' id='word_1_26' title='bbox 2146 872 2391 930; x_wconf 86' lang='lat' dir='ltr'><strong>consilia</strong></span> 
     </span>
     <span class='ocr_line' id='line_1_6' title="bbox 181 953 2391 1036; baseline 0.001 -27"><span class='ocrx_word' id='word_1_27' title='bbox 181 954 503 1031; x_wconf 83' lang='lat' dir='ltr'><strong>salutaria,</strong></span> <span class='ocrx_word' id='word_1_28' title='bbox 558 956 676 1014; x_wconf 88' lang='lat' dir='ltr'><strong>nisi</strong></span> <span class='ocrx_word' id='word_1_29' title='bbox 717 953 844 1014; x_wconf 88' lang='lat' dir='ltr'><strong>Deo</strong></span> <span class='ocrx_word' id='word_1_30' title='bbox 888 957 1202 1033; x_wconf 78' lang='lat' dir='ltr'><strong>adjuvante</strong></span> <span class='ocrx_word' id='word_1_31' title='bbox 1246 969 1307 1017; x_wconf 91' lang='lat' dir='ltr'><strong>et</strong></span> <span class='ocrx_word' id='word_1_32' title='bbox 1349 960 1742 1036; x_wconf 71' lang='lat' dir='ltr'><strong>prosperante.</strong></span> <span class='ocrx_word' id='word_1_33' title='bbox 1830 958 1899 1017; x_wconf 84' lang='lat' dir='ltr'><strong>ld</strong></span> <span class='ocrx_word' id='word_1_34' title='bbox 1944 956 2096 1033; x_wconf 86' lang='lat' dir='ltr'><strong>quod</strong></span> <span class='ocrx_word' id='word_1_35' title='bbox 2137 956 2391 1016; x_wconf 76' lang='lat' dir='ltr'><strong>ostendit</strong></span> 
     </span>
     <span class='ocr_line' id='line_1_7' title="bbox 181 1038 2390 1123; baseline 0.001 -27"><span class='ocrx_word' id='word_1_36' title='bbox 181 1040 247 1096; x_wconf 86' lang='lat' dir='ltr'><strong>in</strong></span> <span class='ocrx_word' id='word_1_37' title='bbox 282 1059 347 1096; x_wconf 89' lang='lat' dir='ltr'><strong>re</strong></span> <span class='ocrx_word' id='word_1_38' title='bbox 375 1038 653 1098; x_wconf 76' lang='lat' dir='ltr'><strong>familiari</strong></span> <span class='ocrx_word' id='word_1_39' title='bbox 688 1051 747 1098; x_wconf 90' lang='lat' dir='ltr'><strong>et</strong></span> <span class='ocrx_word' id='word_1_40' title='bbox 781 1041 1049 1114; x_wconf 80' lang='lat' dir='ltr'><strong>publica,</strong></span> <span class='ocrx_word' id='word_1_41' title='bbox 1107 1044 1172 1100; x_wconf 92' lang='lat' dir='ltr'><strong>in</strong></span> <span class='ocrx_word' id='word_1_42' title='bbox 1209 1044 1420 1123; x_wconf 87' lang='lat' dir='ltr'><strong>quibus</strong></span> <span class='ocrx_word' id='word_1_43' title='bbox 1451 1042 1907 1116; x_wconf 76' lang='lat' dir='ltr'><strong>constituendis,</strong></span> <span class='ocrx_word' id='word_1_44' title='bbox 1961 1042 2390 1115; x_wconf 78' lang='lat' dir='ltr'><strong>conservandis,</strong></span> 
     </span>
     <span class='ocr_line' id='line_1_8' title="bbox 177 1114 2345 1204; baseline 0.001 -24"><span class='ocrx_word' id='word_1_45' title='bbox 177 1114 462 1204; x_wconf 78' lang='lat' dir='ltr'><strong>augendis</strong></span> <span class='ocrx_word' id='word_1_46' title='bbox 494 1135 666 1203; x_wconf 88' lang='lat' dir='ltr'><strong>atque</strong></span> <span class='ocrx_word' id='word_1_47' title='bbox 698 1126 976 1185; x_wconf 87' lang='lat' dir='ltr'><strong>ornandis</strong></span> <span class='ocrx_word' id='word_1_48' title='bbox 1008 1128 1196 1183; x_wconf 85' lang='lat' dir='ltr'><strong>omnis</strong></span> <span class='ocrx_word' id='word_1_49' title='bbox 1225 1125 1527 1189; x_wconf 89' lang='lat' dir='ltr'><strong>hominum</strong></span> <span class='ocrx_word' id='word_1_50' title='bbox 1559 1130 1726 1187; x_wconf 88' lang='lat' dir='ltr'><strong>labor</strong></span> <span class='ocrx_word' id='word_1_51' title='bbox 1756 1138 1814 1187; x_wconf 91' lang='lat' dir='ltr'><strong>et</strong></span> <span class='ocrx_word' id='word_1_52' title='bbox 1844 1145 1985 1186; x_wconf 88' lang='lat' dir='ltr'><strong>cura</strong></span> <span class='ocrx_word' id='word_1_53' title='bbox 2015 1130 2345 1202; x_wconf 86' lang='lat' dir='ltr'><strong>occupatur.</strong></span> 
     </span>
    </p>

    <p class='ocr_par' dir='ltr' id='par_1_5' title="bbox 177 1206 2481 2564">
     <span class='ocr_line' id='line_1_9' title="bbox 347 1206 2391 1292; baseline 0 -24"><span class='ocrx_word' id='word_1_54' title='bbox 347 1206 541 1268; x_wconf 82' lang='lat' dir='ltr'><strong>Habet</strong></span> <span class='ocrx_word' id='word_1_55' title='bbox 576 1209 838 1269; x_wconf 80' lang='lat' dir='ltr'><strong>Psalmus</strong></span> <span class='ocrx_word' id='word_1_56' title='bbox 879 1212 1301 1292; x_wconf 86' lang='lat' dir='ltr'><strong>praescriptum</strong></span> <span class='ocrx_word' id='word_1_57' title='bbox 1338 1231 1551 1273; x_wconf 87' lang='lat' dir='ltr'><strong>nomen</strong></span> <span class='ocrx_word' id='word_1_58' title='bbox 1584 1213 1949 1285; x_wconf 80' lang='lat' dir='ltr'><strong>Salomonis3</strong></span> <span class='ocrx_word' id='word_1_59' title='bbox 2006 1220 2065 1268; x_wconf 92' lang='lat' dir='ltr'><strong>et</strong></span> <span class='ocrx_word' id='word_1_60' title='bbox 2093 1221 2284 1268; x_wconf 88' lang='lat' dir='ltr'><strong>tamen</strong></span> <span class='ocrx_word' id='word_1_61' title='bbox 2314 1229 2391 1268; x_wconf 87' lang='lat' dir='ltr'><strong>an</strong></span> 
     </span>
     <span class='ocr_line' id='line_1_10' title="bbox 179 1292 2387 1374; baseline 0 -24"><span class='ocrx_word' id='word_1_62' title='bbox 179 1292 303 1351; x_wconf 88' lang='lat' dir='ltr'><strong>ab</strong></span> <span class='ocrx_word' id='word_1_63' title='bbox 285 1310 414 1369; x_wconf 78' lang='lat' dir='ltr'><strong>ipso</strong></span> <span class='ocrx_word' id='word_1_64' title='bbox 442 1293 635 1352; x_wconf 85' lang='lat' dir='ltr'><strong>factus</strong></span> <span class='ocrx_word' id='word_1_65' title='bbox 666 1297 766 1368; x_wconf 89' lang='lat' dir='ltr'><strong>sit,</strong></span> <span class='ocrx_word' id='word_1_66' title='bbox 793 1305 1231 1354; x_wconf 82' lang='lat' dir='ltr'><strong>controversum</strong></span> <span class='ocrx_word' id='word_1_67' title='bbox 1259 1296 1484 1356; x_wconf 85' lang='lat' dir='ltr'><strong>faciunt</strong></span> <span class='ocrx_word' id='word_1_68' title='bbox 1511 1299 1871 1374; x_wconf 82' lang='lat' dir='ltr'><strong>interpretes.</strong></span> <span class='ocrx_word' id='word_1_69' title='bbox 1904 1296 2057 1355; x_wconf 83' lang='lat' dir='ltr'><strong>Nam</strong></span> <span class='ocrx_word' id='word_1_70' title='bbox 2081 1293 2387 1371; x_wconf 83' lang='lat' dir='ltr'><strong>hebraeum</strong></span> 
     </span>
     <span class='ocr_line' id='line_1_11' title="bbox 177 1373 2446 1456; baseline 0 -21"><span class='ocrx_word' id='word_1_71' title='bbox 177 1378 329 1436; x_wconf 83' lang='lat' dir='ltr'><strong>illud</strong></span> <span class='ocrx_word' id='word_1_72' title='bbox 375 1373 603 1441; x_wconf 61' lang='lat' dir='ltr'><strong>nabau:</strong></span> <span class='ocrx_word' id='word_1_73' title='bbox 643 1399 763 1438; x_wconf 89' lang='lat' dir='ltr'><strong>non</strong></span> <span class='ocrx_word' id='word_1_74' title='bbox 794 1376 1156 1453; x_wconf 76' lang='lat' dir='ltr'><strong>Salomonis,</strong></span> <span class='ocrx_word' id='word_1_75' title='bbox 1203 1390 1270 1441; x_wconf 89' lang='lat' dir='ltr'><strong>ut</strong></span> <span class='ocrx_word' id='word_1_76' title='bbox 1297 1385 1590 1456; x_wconf 88' lang='lat' dir='ltr'><strong>auctoris,</strong></span> <span class='ocrx_word' id='word_1_77' title='bbox 1631 1383 1731 1441; x_wconf 89' lang='lat' dir='ltr'><strong>sed</strong></span> <span class='ocrx_word' id='word_1_78' title='bbox 1762 1379 2091 1452; x_wconf 77' lang='lat' dir='ltr'><strong>Salomoni,</strong></span> <span class='ocrx_word' id='word_1_79' title='bbox 2134 1379 2172 1436; x_wconf 83' lang='lat' dir='ltr'><strong>i.</strong></span> <span class='ocrx_word' id='word_1_80' title='bbox 2202 1399 2250 1435; x_wconf 90' lang='lat' dir='ltr'><strong>e.</strong></span> <span class='ocrx_word' id='word_1_81' title='bbox 2282 1398 2387 1454; x_wconf 86' lang='lat' dir='ltr'><strong>pro</strong></span> <span class='ocrx_word' id='word_1_82' title='bbox 2441 1387 2446 1395; x_wconf 92' lang='lat'>&#39;</span> 
     </span>
     <span class='ocr_line' id='line_1_12' title="bbox 179 1460 2392 1542; baseline -0.001 -20"><span class='ocrx_word' id='word_1_83' title='bbox 179 1461 494 1522; x_wconf 87' lang='lat' dir='ltr'><strong>Salomone</strong></span> <span class='ocrx_word' id='word_1_84' title='bbox 523 1462 774 1537; x_wconf 83' lang='lat' dir='ltr'><strong>factum,</strong></span> <span class='ocrx_word' id='word_1_85' title='bbox 827 1464 1013 1541; x_wconf 86' lang='lat' dir='ltr'><strong>aliqui</strong></span> <span class='ocrx_word' id='word_1_86' title='bbox 1046 1465 1539 1542; x_wconf 75' lang='lat' dir='ltr'><strong>interpretantur,</strong></span> <span class='ocrx_word' id='word_1_87' title='bbox 1591 1469 2040 1542; x_wconf 77' lang='lat' dir='ltr'><strong>existimantque</strong></span> <span class='ocrx_word' id='word_1_88' title='bbox 2080 1480 2115 1521; x_wconf 83' lang='lat' dir='ltr'><strong>a</strong></span> <span class='ocrx_word' id='word_1_89' title='bbox 2155 1460 2392 1520; x_wconf 75' lang='lat' dir='ltr'><strong>Davido</strong></span> 
     </span>
     <span class='ocr_line' id='line_1_13' title="bbox 182 1544 2481 1630; baseline 0 -27"><span class='ocrx_word' id='word_1_90' title='bbox 182 1547 359 1624; x_wconf 87' lang='lat' dir='ltr'><strong>paulo</strong></span> <span class='ocrx_word' id='word_1_91' title='bbox 395 1557 530 1605; x_wconf 87' lang='lat' dir='ltr'><strong>ante</strong></span> <span class='ocrx_word' id='word_1_92' title='bbox 565 1559 820 1608; x_wconf 89' lang='lat' dir='ltr'><strong>mortem·</strong></span> <span class='ocrx_word' id='word_1_93' title='bbox 846 1550 1260 1625; x_wconf 88' lang='lat' dir='ltr'><strong>praescriptum</strong></span> <span class='ocrx_word' id='word_1_94' title='bbox 1292 1550 1597 1611; x_wconf 75' lang='lat' dir='ltr'><strong>Salomoni</strong></span> <span class='ocrx_word' id='word_1_95' title='bbox 1625 1556 1720 1610; x_wconf 83' lang='lat' dir='ltr'><strong>vel</strong></span> <span class='ocrx_word' id='word_1_96' title='bbox 1756 1559 1821 1608; x_wconf 92' lang='lat' dir='ltr'><strong>ut</strong></span> <span class='ocrx_word' id='word_1_97' title='bbox 1848 1551 2107 1630; x_wconf 80' lang='lat' dir='ltr'><strong>regulam</strong></span> <span class='ocrx_word' id='word_1_98' title='bbox 2139 1544 2389 1607; x_wconf 89' lang='lat' dir='ltr'><strong>admini-</strong></span> <span class='ocrx_word' id='word_1_99' title='bbox 2474 1596 2481 1599; x_wconf 88' lang='lat'><strong>.</strong></span> 
     </span>
     <span class='ocr_line' id='line_1_14' title="bbox 181 1632 2393 1713; baseline 0 -25"><span class='ocrx_word' id='word_1_100' title='bbox 181 1632 488 1689; x_wconf 81' lang='lat' dir='ltr'><strong>strationis</strong></span> <span class='ocrx_word' id='word_1_101' title='bbox 538 1635 727 1691; x_wconf 81' lang='lat' dir='ltr'><strong>totius</strong></span> <span class='ocrx_word' id='word_1_102' title='bbox 771 1635 1005 1713; x_wconf 83' lang='lat' dir='ltr'><strong>regiae,</strong></span> <span class='ocrx_word' id='word_1_103' title='bbox 1069 1637 1165 1692; x_wconf 84' lang='lat' dir='ltr'><strong>vel</strong></span> <span class='ocrx_word' id='word_1_104' title='bbox 1213 1645 1337 1695; x_wconf 89' lang='lat' dir='ltr'><strong>tum</strong></span> <span class='ocrx_word' id='word_1_105' title='bbox 1383 1654 1507 1693; x_wconf 88' lang='lat' dir='ltr'><strong>esse</strong></span> <span class='ocrx_word' id='word_1_106' title='bbox 1554 1635 1891 1708; x_wconf 89' lang='lat' dir='ltr'><strong>conditum,</strong></span> <span class='ocrx_word' id='word_1_107' title='bbox 1965 1652 2141 1709; x_wconf 88' lang='lat' dir='ltr'><strong>quum</strong></span> <span class='ocrx_word' id='word_1_108' title='bbox 2195 1634 2393 1709; x_wconf 85' lang='lat' dir='ltr'><strong>templi</strong></span> 
     </span>
     <span class='ocr_line' id='line_1_15' title="bbox 181 1714 2393 1796; baseline 0 -24"><span class='ocrx_word' id='word_1_109' title='bbox 181 1727 535 1774; x_wconf 82' lang='lat' dir='ltr'><strong>structuram</strong></span> <span class='ocrx_word' id='word_1_110' title='bbox 593 1719 659 1774; x_wconf 89' lang='lat' dir='ltr'><strong>in</strong></span> <span class='ocrx_word' id='word_1_111' title='bbox 719 1720 914 1777; x_wconf 88' lang='lat' dir='ltr'><strong>animo</strong></span> <span class='ocrx_word' id='word_1_112' title='bbox 966 1714 1302 1794; x_wconf 83' lang='lat' dir='ltr'><strong>habuisset,</strong></span> <span class='ocrx_word' id='word_1_113' title='bbox 1373 1736 1451 1796; x_wconf 82' lang='lat' dir='ltr'><strong>ex</strong></span> <span class='ocrx_word' id='word_1_114' title='bbox 1505 1722 1792 1779; x_wconf 84' lang='lat' dir='ltr'><strong>vaticinio</strong></span> <span class='ocrx_word' id='word_1_115' title='bbox 1852 1730 2045 1778; x_wconf 86' lang='lat' dir='ltr'><strong>autem</strong></span> <span class='ocrx_word' id='word_1_116' title='bbox 2105 1716 2393 1777; x_wconf 84' lang='lat' dir='ltr'><strong>Nathanis</strong></span> 
     </span>
     <span class='ocr_line' id='line_1_16' title="bbox 181 1800 2393 1885; baseline 0 -28"><span class='ocrx_word' id='word_1_117' title='bbox 181 1800 256 1879; x_wconf 93' lang='grc'><strong>(2</strong></span> <span class='ocrx_word' id='word_1_118' title='bbox 274 1800 433 1860; x_wconf 87' lang='lat' dir='ltr'><strong>Sam.</strong></span> <span class='ocrx_word' id='word_1_119' title='bbox 463 1805 522 1873; x_wconf 93' lang='grc'><strong>7,</strong></span> <span class='ocrx_word' id='word_1_120' title='bbox 555 1803 608 1860; x_wconf 93' lang='lat' dir='ltr'><strong>l.</strong></span> <span class='ocrx_word' id='word_1_121' title='bbox 637 1801 789 1882; x_wconf 84' lang='lat' dir='ltr'><strong>sqq.)</strong></span> <span class='ocrx_word' id='word_1_122' title='bbox 835 1822 937 1880; x_wconf 84' lang='lat' dir='ltr'><strong>per</strong></span> <span class='ocrx_word' id='word_1_123' title='bbox 974 1801 1160 1861; x_wconf 88' lang='lat' dir='ltr'><strong>filium</strong></span> <span class='ocrx_word' id='word_1_124' title='bbox 1192 1804 1420 1864; x_wconf 88' lang='lat' dir='ltr'><strong>demum</strong></span> <span class='ocrx_word' id='word_1_125' title='bbox 1450 1804 1512 1862; x_wconf 88' lang='lat' dir='ltr'><strong>id</strong></span> <span class='ocrx_word' id='word_1_126' title='bbox 1542 1805 1807 1864; x_wconf 83' lang='lat' dir='ltr'><strong>futurum</strong></span> <span class='ocrx_word' id='word_1_127' title='bbox 1845 1804 2233 1885; x_wconf 79' lang='lat' dir='ltr'><strong>cognovisset.</strong></span> <span class='ocrx_word' id='word_1_128' title='bbox 2297 1800 2393 1881; x_wconf 86' lang='lat' dir='ltr'><strong>(ln</strong></span> 
     </span>
     <span class='ocr_line' id='line_1_17' title="bbox 180 1884 2395 1970; baseline -0 -25"><span class='ocrx_word' id='word_1_129' title='bbox 180 1887 451 1945; x_wconf 79' lang='lat' dir='ltr'><strong>versione</strong></span> <span class='ocrx_word' id='word_1_130' title='bbox 492 1885 738 1965; x_wconf 68' lang='lat' dir='ltr'><strong>Syriaca</strong></span> <span class='ocrx_word' id='word_1_131' title='bbox 778 1889 914 1948; x_wconf 87' lang='lat' dir='ltr'><strong>huic</strong></span> <span class='ocrx_word' id='word_1_132' title='bbox 952 1884 1180 1947; x_wconf 83' lang='lat' dir='ltr'><strong>Psalmo</strong></span> <span class='ocrx_word' id='word_1_133' title='bbox 1221 1888 1364 1948; x_wconf 86' lang='lat' dir='ltr'><strong>haec</strong></span> <span class='ocrx_word' id='word_1_134' title='bbox 1405 1894 1763 1968; x_wconf 86' lang='lat' dir='ltr'><strong>praescripta</strong></span> <span class='ocrx_word' id='word_1_135' title='bbox 1801 1891 2111 1970; x_wconf 81' lang='lat' dir='ltr'><strong>leguntur:</strong></span> <span class='ocrx_word' id='word_1_136' title='bbox 2166 1884 2395 1944; x_wconf 76' lang='lat' dir='ltr'><strong>Dictus</strong></span> 
     </span>
     <span class='ocr_line' id='line_1_18' title="bbox 182 1968 2397 2059; baseline 0 -31"><span class='ocrx_word' id='word_1_137' title='bbox 182 1990 224 2029; x_wconf 87' lang='lat' dir='ltr'><strong>a</strong></span> <span class='ocrx_word' id='word_1_138' title='bbox 253 1968 488 2029; x_wconf 78' lang='lat' dir='ltr'><strong>Davide</strong></span> <span class='ocrx_word' id='word_1_139' title='bbox 530 1972 601 2030; x_wconf 78' lang='lat' dir='ltr'><strong>de</strong></span> <span class='ocrx_word' id='word_1_140' title='bbox 631 1970 973 2049; x_wconf 78' lang='lat' dir='ltr'><strong>Salomone,·</strong></span> <span class='ocrx_word' id='word_1_141' title='bbox 1019 1972 1246 2031; x_wconf 71' lang='lat' dir='ltr'><strong>dieitur</strong></span> <span class='ocrx_word' id='word_1_142' title='bbox 1288 1993 1514 2059; x_wconf 78' lang='lat' dir='ltr'><strong>quoque</strong></span> <span class='ocrx_word' id='word_1_143' title='bbox 1549 1975 1619 2033; x_wconf 78' lang='lat' dir='ltr'><strong>de</strong></span> <span class='ocrx_word' id='word_1_144' title='bbox 1646 1973 1942 2053; x_wconf 80' lang='lat' dir='ltr'><strong>Haggaeo</strong></span> <span class='ocrx_word' id='word_1_145' title='bbox 1976 1984 2036 2031; x_wconf 80' lang='lat' dir='ltr'><strong>et</strong></span> <span class='ocrx_word' id='word_1_146' title='bbox 2062 1969 2397 2045; x_wconf 73' lang='lat' dir='ltr'><strong>Zacharia,</strong></span> 
     </span>
     <span class='ocr_line' id='line_1_19' title="bbox 183 2054 2394 2158; baseline -0.001 -44"><span class='ocrx_word' id='word_1_147' title='bbox 183 2057 292 2136; x_wconf 74' lang='lat' dir='ltr'><strong>qui</strong></span> <span class='ocrx_word' id='word_1_148' title='bbox 328 2054 637 2158; x_wconf 77' lang='lat' dir='ltr'><strong>urgebant</strong></span> <span class='ocrx_word' id='word_1_149' title='bbox 690 2069 1064 2118; x_wconf 78' lang='lat' dir='ltr'><strong>structuram</strong></span> <span class='ocrx_word' id='word_1_150' title='bbox 1112 2060 1335 2138; x_wconf 77' lang='lat' dir='ltr'><strong>templi.</strong></span> <span class='ocrx_word' id='word_1_151' title='bbox 1419 2058 1817 2120; x_wconf 83' lang='lat' dir='ltr'><strong>Alexandrina</strong></span> <span class='ocrx_word' id='word_1_152' title='bbox 1870 2060 2177 2118; x_wconf 84' lang='lat' dir='ltr'><strong>translatio</strong></span> <span class='ocrx_word' id='word_1_153' title='bbox 2223 2054 2394 2113; x_wconf 79' lang='lat' dir='ltr'><strong>Salo-</strong></span> 
     </span>
     <span class='ocr_line' id='line_1_20' title="bbox 184 2141 2394 2225; baseline -0.001 -26"><span class='ocrx_word' id='word_1_154' title='bbox 184 2144 368 2200; x_wconf 75' lang='lat' dir='ltr'><strong>monis</strong></span> <span class='ocrx_word' id='word_1_155' title='bbox 410 2161 620 2201; x_wconf 90' lang='lat' dir='ltr'><strong>nomen</strong></span> <span class='ocrx_word' id='word_1_156' title='bbox 654 2164 772 2203; x_wconf 90' lang='lat' dir='ltr'><strong>non</strong></span> <span class='ocrx_word' id='word_1_157' title='bbox 812 2143 983 2205; x_wconf 85' lang='lat' dir='ltr'><strong>habet</strong></span> <span class='ocrx_word' id='word_1_158' title='bbox 1013 2142 1478 2225; x_wconf 86' lang='lat' dir='ltr'><strong>praescriptum.)</strong></span> <span class='ocrx_word' id='word_1_159' title='bbox 1562 2147 1684 2205; x_wconf 86' lang='lat' dir='ltr'><strong>Alii</strong></span> <span class='ocrx_word' id='word_1_160' title='bbox 1717 2164 1858 2203; x_wconf 79' lang='lat' dir='ltr'><strong>vero</strong></span> <span class='ocrx_word' id='word_1_161' title='bbox 1899 2142 2082 2223; x_wconf 88' lang='lat' dir='ltr'><strong>(inter</strong></span> <span class='ocrx_word' id='word_1_162' title='bbox 2110 2160 2252 2220; x_wconf 82' lang='lat' dir='ltr'><strong>quos</strong></span> <span class='ocrx_word' id='word_1_163' title='bbox 2286 2141 2394 2199; x_wconf 77' lang='grc' dir='ltr'><strong>Τί-</strong></span> 
     </span>
     <span class='ocr_line' id='line_1_21' title="bbox 183 2223 2430 2307; baseline 0 -23"><span class='ocrx_word' id='word_1_164' title='bbox 183 2223 476 2307; x_wconf 82' lang='lat' dir='ltr'><strong>lingius)‚</strong></span> <span class='ocrx_word' id='word_1_165' title='bbox 531 2249 706 2307; x_wconf 86' lang='lat' dir='ltr'><strong>quum</strong></span> <span class='ocrx_word' id='word_1_166' title='bbox 747 2233 808 2288; x_wconf 91' lang='lat' dir='ltr'><strong>in</strong></span> <span class='ocrx_word' id='word_1_167' title='bbox 846 2230 1033 2289; x_wconf 86' lang='lat' dir='ltr'><strong>titulis</strong></span> <span class='ocrx_word' id='word_1_168' title='bbox 1070 2228 1434 2288; x_wconf 86' lang='lat' dir='ltr'><strong>Psalmorum</strong></span> <span class='ocrx_word' id='word_1_169' title='bbox 1477 2227 1513 2291; x_wconf 69' lang='grc' dir='ltr'><strong>Ξ»</strong></span> <span class='ocrx_word' id='word_1_170' title='bbox 1559 2230 1784 2288; x_wconf 85' lang='grc' dir='ltr'>ιιοιιιίιιί</span> <span class='ocrx_word' id='word_1_171' title='bbox 1820 2230 2209 2305; x_wconf 82' lang='lat' dir='ltr'><strong>praepositum</strong></span> <span class='ocrx_word' id='word_1_172' title='bbox 2250 2227 2430 2284; x_wconf 40' lang='lat' dir='ltr'><strong>alias.</strong></span> 
     </span>
     <span class='ocr_line' id='line_1_22' title="bbox 185 2310 2394 2391; baseline -0.003 -20"><span class='ocrx_word' id='word_1_173' title='bbox 185 2333 405 2391; x_wconf 85' lang='lat' dir='ltr'><strong>semper</strong></span> <span class='ocrx_word' id='word_1_174' title='bbox 434 2325 725 2374; x_wconf 84' lang='lat' dir='ltr'><strong>auctorem</strong></span> <span class='ocrx_word' id='word_1_175' title='bbox 752 2314 1025 2375; x_wconf 81' lang='lat' dir='ltr'><strong>carminis</strong></span> <span class='ocrx_word' id='word_1_176' title='bbox 1056 2313 1244 2372; x_wconf 90' lang='lat' dir='ltr'><strong>soleat</strong></span> <span class='ocrx_word' id='word_1_177' title='bbox 1269 2314 1551 2388; x_wconf 87' lang='lat' dir='ltr'><strong>indicare,</strong></span> <span class='ocrx_word' id='word_1_178' title='bbox 1586 2333 1705 2372; x_wconf 92' lang='lat' dir='ltr'><strong>non</strong></span> <span class='ocrx_word' id='word_1_179' title='bbox 1731 2314 2022 2384; x_wconf 86' lang='lat' dir='ltr'><strong>dubitant,</strong></span> <span class='ocrx_word' id='word_1_180' title='bbox 2051 2311 2199 2370; x_wconf 85' lang='lat' dir='ltr'><strong>hanc</strong></span> <span class='ocrx_word' id='word_1_181' title='bbox 2227 2310 2394 2368; x_wconf 80' lang='lat' dir='ltr'><strong>odam</strong></span> 
     </span>
     <span class='ocr_line' id='line_1_23' title="bbox 187 2395 2396 2478; baseline -0.004 -19"><span class='ocrx_word' id='word_1_182' title='bbox 187 2420 225 2459; x_wconf 87' lang='lat' dir='ltr'><strong>a</strong></span> <span class='ocrx_word' id='word_1_183' title='bbox 255 2397 561 2458; x_wconf 80' lang='lat' dir='ltr'><strong>Salomone</strong></span> <span class='ocrx_word' id='word_1_184' title='bbox 601 2400 907 2478; x_wconf 84' lang='lat' dir='ltr'><strong>proficisci.</strong></span> <span class='ocrx_word' id='word_1_185' title='bbox 986 2397 1135 2459; x_wconf 86' lang='lat' dir='ltr'><strong>Mihi</strong></span> <span class='ocrx_word' id='word_1_186' title='bbox 1171 2402 1537 2458; x_wconf 82' lang='lat' dir='ltr'><strong>verissimum</strong></span> <span class='ocrx_word' id='word_1_187' title='bbox 1578 2398 1811 2470; x_wconf 79' lang='lat' dir='ltr'><strong>videtur</strong></span> <span class='ocrx_word' id='word_1_188' title='bbox 1850 2396 2200 2456; x_wconf 70' lang='lat' dir='ltr'><strong>Runmosm</strong></span> <span class='ocrx_word' id='word_1_189' title='bbox 2238 2395 2396 2469; x_wconf 86' lang='lat' dir='ltr'><strong>judi·</strong></span> 
     </span>
     <span class='ocr_line' id='line_1_24' title="bbox 187 2480 2397 2564; baseline -0.004 -21"><span class='ocrx_word' id='word_1_190' title='bbox 187 2488 374 2544; x_wconf 90' lang='lat' dir='ltr'><strong>cium.</strong></span> <span class='ocrx_word' id='word_1_191' title='bbox 425 2488 609 2558; x_wconf 80' lang='lat' dir='ltr'><strong>„Quo</strong></span> <span class='ocrx_word' id='word_1_192' title='bbox 642 2497 930 2564; x_wconf 87' lang='lat' dir='ltr'><strong>tempore,</strong></span> <span class='ocrx_word' id='word_1_193' title='bbox 974 2494 1078 2543; x_wconf 87' lang='lat' dir='ltr'><strong>aut</strong></span> <span class='ocrx_word' id='word_1_194' title='bbox 1109 2485 1318 2561; x_wconf 86' lang='lat' dir='ltr'><strong>quibus</strong></span> <span class='ocrx_word' id='word_1_195' title='bbox 1351 2484 1752 2543; x_wconf 85' lang='lat' dir='ltr'><strong>occasionibus</strong></span> <span class='ocrx_word' id='word_1_196' title='bbox 1780 2482 1967 2541; x_wconf 85' lang='lat' dir='ltr'><strong>factus</strong></span> <span class='ocrx_word' id='word_1_197' title='bbox 2003 2483 2081 2539; x_wconf 91' lang='lat' dir='ltr'><strong>sit</strong></span> <span class='ocrx_word' id='word_1_198' title='bbox 2114 2480 2397 2552; x_wconf 85' lang='lat' dir='ltr'><strong>Psalmus,</strong></span> 
     </span>
    </p>
   </div>
   <div class='ocr_carea' id='block_1_5' title="bbox 87 2562 2398 2648">
    <p class='ocr_par' dir='ltr' id='par_1_6' title="bbox 87 2562 2398 2648">
     <span class='ocr_line' id='line_1_25' title="bbox 87 2562 2398 2648; baseline -0.003 -20"><span class='ocrx_word' id='word_1_199' title='bbox 87 2611 94 2628; x_wconf 74' lang='grc'><strong>.</strong></span> <span class='ocrx_word' id='word_1_200' title='bbox 190 2567 314 2630; x_wconf 83' lang='lat' dir='ltr'><strong>dici</strong></span> <span class='ocrx_word' id='word_1_201' title='bbox 344 2589 465 2629; x_wconf 91' lang='lat' dir='ltr'><strong>non</strong></span> <span class='ocrx_word' id='word_1_202' title='bbox 495 2581 705 2647; x_wconf 87' lang='lat' dir='ltr'><strong>potest.</strong></span> <span class='ocrx_word' id='word_1_203' title='bbox 786 2573 975 2648; x_wconf 85' lang='lat' dir='ltr'><strong>Atque</strong></span> <span class='ocrx_word' id='word_1_204' title='bbox 1004 2588 1076 2625; x_wconf 91' lang='lat' dir='ltr'><strong>ne</strong></span> <span class='ocrx_word' id='word_1_205' title='bbox 1108 2568 1175 2626; x_wconf 87' lang='lat' dir='ltr'><strong>de</strong></span> <span class='ocrx_word' id='word_1_206' title='bbox 1202 2571 1422 2627; x_wconf 88' lang='lat' dir='ltr'><strong>nostris</strong></span> <span class='ocrx_word' id='word_1_207' title='bbox 1449 2571 1677 2647; x_wconf 86' lang='lat' dir='ltr'><strong>quidem</strong></span> <span class='ocrx_word' id='word_1_208' title='bbox 1706 2562 2074 2636; x_wconf 82' lang='lat' dir='ltr'><strong>cantionibus</strong></span> <span class='ocrx_word' id='word_1_209' title='bbox 2110 2566 2398 2635; x_wconf 82' lang='lat' dir='ltr'><strong>omnibus,</strong></span> 
     </span>
    </p>
   </div>
   <div class='ocr_carea' id='block_1_6' title="bbox 190 2650 2402 3228">
    <p class='ocr_par' dir='ltr' id='par_1_7' title="bbox 190 2650 2402 3224">
     <span class='ocr_line' id='line_1_26' title="bbox 190 2650 2398 2734; baseline -0.005 -20"><span class='ocrx_word' id='word_1_210' title='bbox 190 2665 253 2715; x_wconf 87' lang='lat' dir='ltr'><strong>et</strong></span> <span class='ocrx_word' id='word_1_211' title='bbox 291 2674 435 2731; x_wconf 88' lang='lat' dir='ltr'><strong>quae</strong></span> <span class='ocrx_word' id='word_1_212' title='bbox 467 2654 638 2714; x_wconf 85' lang='lat' dir='ltr'><strong>hodie</strong></span> <span class='ocrx_word' id='word_1_213' title='bbox 671 2656 877 2730; x_wconf 83' lang='lat' dir='ltr'><strong>fiunt,</strong></span> <span class='ocrx_word' id='word_1_214' title='bbox 914 2654 1053 2712; x_wconf 88' lang='lat' dir='ltr'><strong>sciri</strong></span> <span class='ocrx_word' id='word_1_215' title='bbox 1087 2652 1198 2711; x_wconf 84' lang='lat' dir='ltr'><strong>hoc</strong></span> <span class='ocrx_word' id='word_1_216' title='bbox 1229 2663 1457 2734; x_wconf 88' lang='lat' dir='ltr'><strong>potest,</strong></span> <span class='ocrx_word' id='word_1_217' title='bbox 1510 2664 1578 2711; x_wconf 90' lang='lat' dir='ltr'><strong>ut</strong></span> <span class='ocrx_word' id='word_1_218' title='bbox 1607 2656 1671 2711; x_wconf 87' lang='lat' dir='ltr'><strong>in</strong></span> <span class='ocrx_word' id='word_1_219' title='bbox 1704 2654 1918 2712; x_wconf 86' lang='lat' dir='ltr'><strong>talibus</strong></span> <span class='ocrx_word' id='word_1_220' title='bbox 1952 2652 2094 2709; x_wconf 85' lang='lat' dir='ltr'><strong>satis</strong></span> <span class='ocrx_word' id='word_1_221' title='bbox 2124 2653 2203 2707; x_wconf 87' lang='lat' dir='ltr'><strong>sit</strong></span> <span class='ocrx_word' id='word_1_222' title='bbox 2236 2650 2398 2720; x_wconf 89' lang='lat' dir='ltr'><strong>sciri,</strong></span> 
     </span>
     <span class='ocr_line' id='line_1_27' title="bbox 190 2735 2400 2819; baseline -0.005 -21"><span class='ocrx_word' id='word_1_223' title='bbox 190 2741 332 2819; x_wconf 79' lang='lat' dir='ltr'><strong>quid</strong></span> <span class='ocrx_word' id='word_1_224' title='bbox 363 2737 594 2813; x_wconf 82' lang='lat' dir='ltr'><strong>dicant,</strong></span> <span class='ocrx_word' id='word_1_225' title='bbox 639 2751 741 2798; x_wconf 90' lang='lat' dir='ltr'><strong>aut</strong></span> <span class='ocrx_word' id='word_1_226' title='bbox 781 2742 1046 2799; x_wconf 80' lang='lat' dir='ltr'><strong>doceant·</strong></span> <span class='ocrx_word' id='word_1_227' title='bbox 1128 2737 1210 2796; x_wconf 89' lang='lat' dir='ltr'><strong>Et</strong></span> <span class='ocrx_word' id='word_1_228' title='bbox 1250 2748 1388 2796; x_wconf 87' lang='lat' dir='ltr'><strong>sunt</strong></span> <span class='ocrx_word' id='word_1_229' title='bbox 1425 2741 1551 2797; x_wconf 85' lang='lat' dir='ltr'><strong>sine</strong></span> <span class='ocrx_word' id='word_1_230' title='bbox 1590 2736 1764 2796; x_wconf 87' lang='lat' dir='ltr'><strong>dubio</strong></span> <span class='ocrx_word' id='word_1_231' title='bbox 1809 2738 2069 2813; x_wconf 83' lang='lat' dir='ltr'><strong>publicae</strong></span> <span class='ocrx_word' id='word_1_232' title='bbox 2112 2735 2290 2796; x_wconf 73' lang='lat' dir='ltr'><strong>etiam</strong></span> <span class='ocrx_word' id='word_1_233' title='bbox 2340 2741 2400 2789; x_wconf 91' lang='lat' dir='ltr'><strong>et</strong></span> 
     </span>
     <span class='ocr_line' id='line_1_28' title="bbox 194 2818 2398 2898; baseline -0.005 -15"><span class='ocrx_word' id='word_1_234' title='bbox 194 2823 522 2883; x_wconf 86' lang='lat' dir='ltr'><strong>ordinariae</strong></span> <span class='ocrx_word' id='word_1_235' title='bbox 549 2826 892 2883; x_wconf 88' lang='lat' dir='ltr'><strong>doctrinae</strong></span> <span class='ocrx_word' id='word_1_236' title='bbox 875 2844 936 2882; x_wconf 87' lang='grc' dir='ltr'><strong>ιιι</strong></span> <span class='ocrx_word' id='word_1_237' title='bbox 967 2822 1203 2898; x_wconf 87' lang='lat' dir='ltr'><strong>templo,</strong></span> <span class='ocrx_word' id='word_1_238' title='bbox 1234 2832 1294 2879; x_wconf 91' lang='lat' dir='ltr'><strong>et</strong></span> <span class='ocrx_word' id='word_1_239' title='bbox 1319 2823 1534 2881; x_wconf 87' lang='lat' dir='ltr'><strong>ritibus</strong></span> <span class='ocrx_word' id='word_1_240' title='bbox 1561 2823 1756 2895; x_wconf 77' lang='lat' dir='ltr'><strong>certis,</strong></span> <span class='ocrx_word' id='word_1_241' title='bbox 1780 2821 1999 2880; x_wconf 88' lang='lat' dir='ltr'><strong>Psalmi</strong></span> <span class='ocrx_word' id='word_1_242' title='bbox 2025 2819 2164 2877; x_wconf 82' lang='lat' dir='ltr'><strong>facti</strong></span> <span class='ocrx_word' id='word_1_243' title='bbox 2195 2818 2398 2894; x_wconf 79' lang='lat' dir='ltr'><strong>aliqui.</strong></span> 
     </span>
     <span class='ocr_line' id='line_1_29' title="bbox 192 2896 2402 2980; baseline -0.005 -12"><span class='ocrx_word' id='word_1_244' title='bbox 192 2910 451 2968; x_wconf 88' lang='lat' dir='ltr'><strong>Omnino</strong></span> <span class='ocrx_word' id='word_1_245' title='bbox 485 2919 675 2968; x_wconf 85' lang='lat' dir='ltr'><strong>antem</strong></span> <span class='ocrx_word' id='word_1_246' title='bbox 706 2908 1021 2968; x_wconf 82' lang='lat' dir='ltr'><strong>verisimile</strong></span> <span class='ocrx_word' id='word_1_247' title='bbox 1048 2911 1182 2979; x_wconf 87' lang='lat' dir='ltr'><strong>est,-</strong></span> <span class='ocrx_word' id='word_1_248' title='bbox 1179 2905 1269 2965; x_wconf 88' lang='lat' dir='ltr'><strong>ad</strong></span> <span class='ocrx_word' id='word_1_249' title='bbox 1301 2907 1692 2965; x_wconf 86' lang='lat' dir='ltr'><strong>dedicationes</strong></span> <span class='ocrx_word' id='word_1_250' title='bbox 1715 2906 1943 2964; x_wconf 86' lang='lat' dir='ltr'><strong>aedium</strong></span> <span class='ocrx_word' id='word_1_251' title='bbox 1969 2905 2122 2980; x_wconf 86' lang='lat' dir='ltr'><strong>apud</strong></span> <span class='ocrx_word' id='word_1_252' title='bbox 2147 2896 2402 2964; x_wconf 81' lang='lat' dir='ltr'><strong>Judaeos</strong></span> 
     </span>
     <span class='ocr_line' id='line_1_30' title="bbox 194 2988 2399 3059; baseline -0.005 -8"><span class='ocrx_word' id='word_1_253' title='bbox 194 2998 461 3053; x_wconf 81' lang='lat' dir='ltr'><strong>solennes</strong></span> <span class='ocrx_word' id='word_1_254' title='bbox 506 2993 666 3052; x_wconf 90' lang='lat' dir='ltr'><strong>hunc</strong></span> <span class='ocrx_word' id='word_1_255' title='bbox 721 2994 1011 3053; x_wconf 88' lang='lat' dir='ltr'><strong>Psalmum</strong></span> <span class='ocrx_word' id='word_1_256' title='bbox 1064 3001 1384 3049; x_wconf 78' lang='lat' dir='ltr'><strong>assumtum</strong></span> <span class='ocrx_word' id='word_1_257' title='bbox 1434 2992 1652 3059; x_wconf 77' lang='lat' dir='ltr'><strong>fuisse3</strong></span> <span class='ocrx_word' id='word_1_258' title='bbox 1723 2992 1846 3048; x_wconf 83' lang='lat' dir='ltr'><strong>sive</strong></span> <span class='ocrx_word' id='word_1_259' title='bbox 1904 2991 1969 3047; x_wconf 90' lang='lat' dir='ltr'><strong>in</strong></span> <span class='ocrx_word' id='word_1_260' title='bbox 2022 2988 2178 3046; x_wconf 86' lang='lat' dir='ltr'><strong>hunc</strong></span> <span class='ocrx_word' id='word_1_261' title='bbox 2232 3005 2399 3044; x_wconf 87' lang='lat' dir='ltr'><strong>usum</strong></span> 
     </span>
     <span class='ocr_line' id='line_1_31' title="bbox 195 3068 2402 3156; baseline -0.005 -20"><span class='ocrx_word' id='word_1_262' title='bbox 195 3081 466 3156; x_wconf 82' lang='lat' dir='ltr'><strong>scriptus</strong></span> <span class='ocrx_word' id='word_1_263' title='bbox 476 3080 556 3138; x_wconf 86' lang='lat' dir='ltr'><strong>sit</strong></span> <span class='ocrx_word' id='word_1_264' title='bbox 585 3081 656 3138; x_wconf 79' lang='lat' dir='ltr'><strong>ab</strong></span> <span class='ocrx_word' id='word_1_265' title='bbox 694 3091 954 3153; x_wconf 89' lang='lat' dir='ltr'><strong>auctore,</strong></span> <span class='ocrx_word' id='word_1_266' title='bbox 993 3086 1061 3135; x_wconf 86' lang='lat' dir='ltr'><strong>ut</strong></span> <span class='ocrx_word' id='word_1_267' title='bbox 1094 3087 1247 3135; x_wconf 87' lang='lat' dir='ltr'><strong>esset</strong></span> <span class='ocrx_word' id='word_1_268' title='bbox 1268 3075 1524 3136; x_wconf 80' lang='lat' dir='ltr'><strong>formula</strong></span> <span class='ocrx_word' id='word_1_269' title='bbox 1554 3075 2002 3148; x_wconf 87' lang='lat' dir='ltr'><strong>dedicationum,</strong></span> <span class='ocrx_word' id='word_1_270' title='bbox 2039 3074 2162 3132; x_wconf 81' lang='lat' dir='ltr'><strong>sive</strong></span> <span class='ocrx_word' id='word_1_271' title='bbox 2193 3072 2268 3130; x_wconf 88' lang='lat' dir='ltr'><strong>ad</strong></span> <span class='ocrx_word' id='word_1_272' title='bbox 2294 3068 2402 3128; x_wconf 84' lang='lat' dir='ltr'><strong>has</strong></span> 
     </span>
     <span class='ocr_line' id='line_1_32' title="bbox 196 3163 857 3228; baseline 0 -6"><span class='ocrx_word' id='word_1_273' title='bbox 196 3163 428 3223; x_wconf 89' lang='lat' dir='ltr'><strong>aliunde</strong></span> <span class='ocrx_word' id='word_1_274' title='bbox 467 3166 806 3228; x_wconf 85' lang='lat' dir='ltr'><strong>translatus.</strong></span> <span class='ocrx_word' id='word_1_275' title='bbox 813 3166 857 3201; x_wconf 88' lang='lat'><strong>“</strong></span> 
     </span>
    </p>
   </div>
   <div class='ocr_carea' id='block_1_7' title="bbox 157 3273 2487 4466">
    <p class='ocr_par' dir='ltr' id='par_1_8' title="bbox 157 3273 2487 4455">
     <span class='ocr_line' id='line_1_33' title="bbox 376 3273 2407 3376; baseline -0.003 -38"><span class='ocrx_word' id='word_1_276' title='bbox 376 3280 437 3341; x_wconf 91' lang='lat' dir='ltr'><strong>l.</strong></span> <span class='ocrx_word' id='word_1_277' title='bbox 517 3280 812 3357; x_wconf 85' lang='lat' dir='ltr'><strong>Loquutio</strong></span> <span class='ocrx_word' id='word_1_278' title='bbox 858 3292 976 3343; x_wconf 63' lang='lat'><strong>27³³</strong></span> <span class='ocrx_word' id='word_1_279' title='bbox 1029 3281 1176 3341; x_wconf 54' lang='lat' dir='ltr'><strong>niza</strong></span> <span class='ocrx_word' id='word_1_280' title='bbox 1233 3275 1562 3352; x_wconf 71' lang='lat' dir='ltr'><strong>acdzfiearo</strong></span> <span class='ocrx_word' id='word_1_281' title='bbox 1604 3274 1863 3350; x_wconf 79' lang='lat' dir='ltr'><strong>domum,</strong></span> <span class='ocrx_word' id='word_1_282' title='bbox 1926 3275 2120 3376; x_wconf 64' lang='lat' dir='ltr'><strong>figura</strong></span> <span class='ocrx_word' id='word_1_283' title='bbox 2159 3273 2407 3332; x_wconf 71' lang='lat' dir='ltr'><strong>hebraea</strong></span> 
     </span>
     <span class='ocr_line' id='line_1_34' title="bbox 196 3342 2487 3434; baseline -0.003 -10"><span class='ocrx_word' id='word_1_284' title='bbox 196 3383 321 3424; x_wconf 84' lang='lat' dir='ltr'><strong>non</strong></span> <span class='ocrx_word' id='word_1_285' title='bbox 350 3375 441 3424; x_wconf 83' lang='lat' dir='ltr'><strong>est</strong></span> <span class='ocrx_word' id='word_1_286' title='bbox 467 3374 689 3424; x_wconf 84' lang='lat' dir='ltr'><strong>tantum</strong></span> <span class='ocrx_word' id='word_1_287' title='bbox 722 3366 1045 3425; x_wconf 90' lang='lat' dir='ltr'><strong>aedificium</strong></span> <span class='ocrx_word' id='word_1_288' title='bbox 1074 3342 1458 3425; x_wconf 87' lang='lat' dir='ltr'><strong>habitationis</strong></span> <span class='ocrx_word' id='word_1_289' title='bbox 1499 3374 1830 3434; x_wconf 83' lang='lat' dir='ltr'><strong>exstruere,</strong></span> <span class='ocrx_word' id='word_1_290' title='bbox 1884 3360 1982 3418; x_wconf 90' lang='lat' dir='ltr'><strong>sed</strong></span> <span class='ocrx_word' id='word_1_291' title='bbox 2020 3362 2192 3418; x_wconf 84' lang='lat' dir='ltr'><strong>etiam</strong></span> <span class='ocrx_word' id='word_1_292' title='bbox 2233 3358 2406 3417; x_wconf 83' lang='lat' dir='ltr'><strong>fami·</strong></span> <span class='ocrx_word' id='word_1_293' title='bbox 2461 3400 2487 3418; x_wconf 80' lang='grc'><strong>-.</strong></span> 
     </span>
     <span class='ocr_line' id='line_1_35' title="bbox 199 3443 2408 3525; baseline -0.004 -17"><span class='ocrx_word' id='word_1_294' title='bbox 199 3452 374 3521; x_wconf 86' lang='lat' dir='ltr'><strong>liam,</strong></span> <span class='ocrx_word' id='word_1_295' title='bbox 417 3460 477 3507; x_wconf 91' lang='lat' dir='ltr'><strong>et</strong></span> <span class='ocrx_word' id='word_1_296' title='bbox 505 3468 627 3507; x_wconf 90' lang='lat' dir='ltr'><strong>rem</strong></span> <span class='ocrx_word' id='word_1_297' title='bbox 657 3450 1019 3524; x_wconf 86' lang='lat' dir='ltr'><strong>familiarem,</strong></span> <span class='ocrx_word' id='word_1_298' title='bbox 1059 3452 1385 3520; x_wconf 87' lang='lat' dir='ltr'><strong>instituere,</strong></span> <span class='ocrx_word' id='word_1_299' title='bbox 1425 3449 1778 3506; x_wconf 87' lang='lat' dir='ltr'><strong>constituere</strong></span> <span class='ocrx_word' id='word_1_300' title='bbox 1807 3456 1978 3523; x_wconf 84' lang='lat' dir='ltr'><strong>atque</strong></span> <span class='ocrx_word' id='word_1_301' title='bbox 2012 3463 2247 3525; x_wconf 68' lang='lat' dir='ltr'><strong>augere,</strong></span> <span class='ocrx_word' id='word_1_302' title='bbox 2286 3443 2408 3501; x_wconf 74' lang='lat' dir='ltr'><strong>vid.</strong></span> 
     </span>
     <span class='ocr_line' id='line_1_36' title="bbox 173 3528 2409 3612; baseline -0.004 -19"><span class='ocrx_word' id='word_1_303' title='bbox 173 3533 315 3593; x_wconf 79' lang='lat' dir='ltr'><strong>,Ex.</strong></span> <span class='ocrx_word' id='word_1_304' title='bbox 348 3535 407 3605; x_wconf 92' lang='lat' dir='ltr'><strong>l,</strong></span> <span class='ocrx_word' id='word_1_305' title='bbox 433 3535 537 3590; x_wconf 88' lang='grc'><strong>21.</strong></span> <span class='ocrx_word' id='word_1_306' title='bbox 581 3532 754 3592; x_wconf 84' lang='lat' dir='ltr'><strong>Dent.</strong></span> <span class='ocrx_word' id='word_1_307' title='bbox 784 3534 888 3606; x_wconf 87' lang='grc'><strong>25,</strong></span> <span class='ocrx_word' id='word_1_308' title='bbox 918 3536 975 3595; x_wconf 88' lang='lat'><strong>9.</strong></span> <span class='ocrx_word' id='word_1_309' title='bbox 1027 3533 1237 3594; x_wconf 87' lang='lat' dir='ltr'><strong>lSam.</strong></span> <span class='ocrx_word' id='word_1_310' title='bbox 1268 3534 1328 3605; x_wconf 84' lang='lat'><strong>2,</strong></span> <span class='ocrx_word' id='word_1_311' title='bbox 1357 3532 1459 3591; x_wconf 89' lang='grc'><strong>35.</strong></span> <span class='ocrx_word' id='word_1_312' title='bbox 1507 3531 1701 3612; x_wconf 72' lang='lat' dir='ltr'><strong>meg.</strong></span> <span class='ocrx_word' id='word_1_313' title='bbox 1731 3531 1792 3603; x_wconf 88' lang='grc'><strong>2,</strong></span> <span class='ocrx_word' id='word_1_314' title='bbox 1813 3532 1916 3588; x_wconf 89' lang='grc'><strong>24.</strong></span> <span class='ocrx_word' id='word_1_315' title='bbox 1966 3530 2064 3603; x_wconf 94' lang='lat' dir='ltr'><strong>ll,</strong></span> <span class='ocrx_word' id='word_1_316' title='bbox 2089 3531 2191 3587; x_wconf 88' lang='grc'><strong>38.</strong></span> <span class='ocrx_word' id='word_1_317' title='bbox 2234 3528 2409 3585; x_wconf 70' lang='lat' dir='ltr'><strong>Prov-</strong></span> 
     </span>
     <span class='ocr_line' id='line_1_37' title="bbox 208 3613 2406 3690; baseline -0.003 -17"><span class='ocrx_word' id='word_1_318' title='bbox 208 3617 708 3689; x_wconf 75' lang='lat' dir='ltr'><strong>14‚1.11.1ta</strong></span> <span class='ocrx_word' id='word_1_319' title='bbox 737 3628 797 3677; x_wconf 86' lang='lat' dir='ltr'><strong>et</strong></span> <span class='ocrx_word' id='word_1_320' title='bbox 829 3619 1067 3678; x_wconf 77' lang='lat' dir='ltr'><strong>Graecis</strong></span> <span class='ocrx_word' id='word_1_321' title='bbox 1095 3613 1266 3690; x_wconf 77' lang='grc' dir='ltr'><strong><em>οἶκος</em></strong></span> <span class='ocrx_word' id='word_1_322' title='bbox 1304 3636 1426 3676; x_wconf 86' lang='grc' dir='ltr'>ιιοιι</span> <span class='ocrx_word' id='word_1_323' title='bbox 1455 3627 1682 3676; x_wconf 88' lang='lat' dir='ltr'><strong>tantum</strong></span> <span class='ocrx_word' id='word_1_324' title='bbox 1717 3615 1916 3673; x_wconf 79' lang='lat' dir='ltr'><strong>domus</strong></span> <span class='ocrx_word' id='word_1_325' title='bbox 1953 3624 2063 3686; x_wconf 82' lang='lat' dir='ltr'><strong>est,</strong></span> <span class='ocrx_word' id='word_1_326' title='bbox 2099 3614 2199 3672; x_wconf 84' lang='lat' dir='ltr'><strong>sed</strong></span> <span class='ocrx_word' id='word_1_327' title='bbox 2233 3615 2406 3671; x_wconf 81' lang='lat' dir='ltr'><strong>etiam</strong></span> 
     </span>
     <span class='ocr_line' id='line_1_38' title="bbox 203 3693 2406 3775; baseline -0.003 -17"><span class='ocrx_word' id='word_1_328' title='bbox 203 3718 307 3758; x_wconf 75' lang='lat' dir='ltr'><strong>res</strong></span> <span class='ocrx_word' id='word_1_329' title='bbox 323 3698 687 3775; x_wconf 77' lang='lat' dir='ltr'><strong>familiaris,</strong></span> <span class='ocrx_word' id='word_1_330' title='bbox 715 3712 776 3759; x_wconf 86' lang='lat' dir='ltr'><strong>et</strong></span> <span class='ocrx_word' id='word_1_331' title='bbox 798 3702 1023 3762; x_wconf 82' lang='lat' dir='ltr'><strong>Latinis</strong></span> <span class='ocrx_word' id='word_1_332' title='bbox 1052 3704 1250 3762; x_wconf 85' lang='lat' dir='ltr'><strong>domus</strong></span> <span class='ocrx_word' id='word_1_333' title='bbox 1279 3704 1453 3759; x_wconf 82' lang='lat' dir='ltr'><strong>etiam</strong></span> <span class='ocrx_word' id='word_1_334' title='bbox 1476 3700 1732 3774; x_wconf 75' lang='lat' dir='ltr'><strong>familia</strong></span> <span class='ocrx_word' id='word_1_335' title='bbox 1763 3710 1873 3772; x_wconf 86' lang='lat' dir='ltr'><strong>est,</strong></span> <span class='ocrx_word' id='word_1_336' title='bbox 1909 3709 2005 3757; x_wconf 84' lang='lat' dir='ltr'><strong>nt:</strong></span> <span class='ocrx_word' id='word_1_337' title='bbox 2047 3696 2169 3768; x_wconf 65' lang='lat' dir='ltr'><strong>Qun·</strong></span> <span class='ocrx_word' id='word_1_338' title='bbox 2196 3693 2406 3775; x_wconf 76' lang='lat' dir='ltr'><strong>genus,</strong></span> 
     </span>
     <span class='ocr_line' id='line_1_39' title="bbox 206 3784 2407 3866; baseline -0.003 -23"><span class='ocrx_word' id='word_1_339' title='bbox 206 3787 360 3845; x_wconf 78' lang='lat' dir='ltr'><strong>undo</strong></span> <span class='ocrx_word' id='word_1_340' title='bbox 403 3784 609 3845; x_wconf 72' lang='lat' dir='ltr'><strong>domo?</strong></span> <span class='ocrx_word' id='word_1_341' title='bbox 691 3785 1030 3866; x_wconf 76' lang='lat' dir='ltr'><strong>significari</strong></span> <span class='ocrx_word' id='word_1_342' title='bbox 1074 3797 1267 3845; x_wconf 88' lang='lat' dir='ltr'><strong>autem</strong></span> <span class='ocrx_word' id='word_1_343' title='bbox 1304 3785 1360 3843; x_wconf 83' lang='lat' dir='ltr'><strong>h.</strong></span> <span class='ocrx_word' id='word_1_344' title='bbox 1390 3788 1431 3843; x_wconf 87' lang='lat'><strong>1.</strong></span> <span class='ocrx_word' id='word_1_345' title='bbox 1470 3795 1812 3861; x_wconf 85' lang='lat' dir='ltr'><strong>utrumque,</strong></span> <span class='ocrx_word' id='word_1_346' title='bbox 1869 3784 2171 3860; x_wconf 84' lang='lat' dir='ltr'><strong>sequentia</strong></span> <span class='ocrx_word' id='word_1_347' title='bbox 2207 3790 2407 3839; x_wconf 86' lang='lat' dir='ltr'><strong>osten-</strong></span> 
     </span>
     <span class='ocr_line' id='line_1_40' title="bbox 205 3866 2406 3947; baseline -0.003 -19"><span class='ocrx_word' id='word_1_348' title='bbox 205 3870 392 3947; x_wconf 85' lang='lat' dir='ltr'><strong>dunt3</strong></span> <span class='ocrx_word' id='word_1_349' title='bbox 459 3889 592 3929; x_wconf 83' lang='lat' dir='ltr'><strong>nam</strong></span> <span class='ocrx_word' id='word_1_350' title='bbox 638 3869 707 3929; x_wconf 88' lang='lat' dir='ltr'><strong>de</strong></span> <span class='ocrx_word' id='word_1_351' title='bbox 756 3871 998 3946; x_wconf 84' lang='lat' dir='ltr'><strong>opibus,</strong></span> <span class='ocrx_word' id='word_1_352' title='bbox 1051 3872 1307 3930; x_wconf 81' lang='lat' dir='ltr'><strong>familiae</strong></span> <span class='ocrx_word' id='word_1_353' title='bbox 1352 3869 1760 3927; x_wconf 87' lang='lat' dir='ltr'><strong>sustentandae</strong></span> <span class='ocrx_word' id='word_1_354' title='bbox 1803 3887 1978 3926; x_wconf 88' lang='lat' dir='ltr'><strong>causa</strong></span> <span class='ocrx_word' id='word_1_355' title='bbox 2020 3866 2406 3944; x_wconf 87' lang='lat' dir='ltr'><strong>acquirendis,</strong></span> 
     </span>
     <span class='ocr_line' id='line_1_41' title="bbox 205 3951 2406 4032; baseline -0.004 -17"><span class='ocrx_word' id='word_1_356' title='bbox 205 3956 395 4016; x_wconf 83' lang='lat' dir='ltr'><strong>Versu</strong></span> <span class='ocrx_word' id='word_1_357' title='bbox 425 3958 516 4032; x_wconf 95' lang='grc'><strong>2.</strong></span> <span class='ocrx_word' id='word_1_358' title='bbox 568 3956 640 4014; x_wconf 85' lang='lat' dir='ltr'><strong>de</strong></span> <span class='ocrx_word' id='word_1_359' title='bbox 665 3953 864 4013; x_wconf 82' lang='lat' dir='ltr'><strong>liberis</strong></span> <span class='ocrx_word' id='word_1_360' title='bbox 894 3955 991 4013; x_wconf 85' lang='lat' dir='ltr'><strong>Vs.</strong></span> <span class='ocrx_word' id='word_1_361' title='bbox 1019 3958 1077 4015; x_wconf 89' lang='lat'><strong>3.</strong></span> <span class='ocrx_word' id='word_1_362' title='bbox 1108 3973 1231 4032; x_wconf 81' lang='lat' dir='ltr'><strong>sqq.</strong></span> <span class='ocrx_word' id='word_1_363' title='bbox 1268 3972 1456 4012; x_wconf 88' lang='lat' dir='ltr'><strong>sermo</strong></span> <span class='ocrx_word' id='word_1_364' title='bbox 1488 3963 1593 4010; x_wconf 85' lang='lat' dir='ltr'><strong>cst.</strong></span> <span class='ocrx_word' id='word_1_365' title='bbox 1675 3952 1902 4011; x_wconf 88' lang='lat' dir='ltr'><strong>Prioris</strong></span> <span class='ocrx_word' id='word_1_366' title='bbox 1931 3953 2115 4031; x_wconf 79' lang='lat' dir='ltr'><strong>igitur</strong></span> <span class='ocrx_word' id='word_1_367' title='bbox 2146 3951 2406 4009; x_wconf 78' lang='lat' dir='ltr'><strong>hemisti-</strong></span> 
     </span>
     <span class='ocr_line' id='line_1_42' title="bbox 212 4033 2410 4113; baseline -0.004 -15"><span class='ocrx_word' id='word_1_368' title='bbox 212 4041 334 4101; x_wconf 84' lang='lat' dir='ltr'><strong>chii</strong></span> <span class='ocrx_word' id='word_1_369' title='bbox 364 4041 461 4100; x_wconf 83' lang='lat' dir='ltr'><strong>hic</strong></span> <span class='ocrx_word' id='word_1_370' title='bbox 490 4052 580 4101; x_wconf 85' lang='lat' dir='ltr'><strong>est</strong></span> <span class='ocrx_word' id='word_1_371' title='bbox 606 4056 840 4099; x_wconf 87' lang='lat' dir='ltr'><strong>sensus.</strong></span> <span class='ocrx_word' id='word_1_372' title='bbox 895 4041 1014 4098; x_wconf 88' lang='lat' dir='ltr'><strong>nisi</strong></span> <span class='ocrx_word' id='word_1_373' title='bbox 1043 4039 1203 4099; x_wconf 83' lang='lat' dir='ltr'><strong>Deus</strong></span> <span class='ocrx_word' id='word_1_374' title='bbox 1238 4057 1344 4113; x_wconf 85' lang='lat' dir='ltr'><strong>ope</strong></span> <span class='ocrx_word' id='word_1_375' title='bbox 1376 4055 1483 4096; x_wconf 88' lang='lat' dir='ltr'><strong>sua</strong></span> <span class='ocrx_word' id='word_1_376' title='bbox 1511 4036 1666 4094; x_wconf 87' lang='lat' dir='ltr'><strong>adsit</strong></span> <span class='ocrx_word' id='word_1_377' title='bbox 1693 4033 1889 4094; x_wconf 83' lang='lat' dir='ltr'><strong>domui</strong></span> <span class='ocrx_word' id='word_1_378' title='bbox 1925 4047 2094 4113; x_wconf 86' lang='lat' dir='ltr'><strong>atque</strong></span> <span class='ocrx_word' id='word_1_379' title='bbox 2125 4038 2213 4094; x_wconf 89' lang='lat' dir='ltr'><strong>rei</strong></span> <span class='ocrx_word' id='word_1_380' title='bbox 2239 4035 2410 4092; x_wconf 81' lang='lat' dir='ltr'><strong>fami-</strong></span> 
     </span>
     <span class='ocr_line' id='line_1_43' title="bbox 209 4116 2414 4203; baseline -0.005 -19"><span class='ocrx_word' id='word_1_381' title='bbox 209 4126 349 4192; x_wconf 83' lang='lat' dir='ltr'><strong>liari</strong></span> <span class='ocrx_word' id='word_1_382' title='bbox 391 4116 827 4187; x_wconf 80' lang='lat' dir='ltr'><strong>constituendae</strong></span> <span class='ocrx_word' id='word_1_383' title='bbox 876 4134 1048 4201; x_wconf 81' lang='lat' dir='ltr'><strong>atque</strong></span> <span class='ocrx_word' id='word_1_384' title='bbox 1093 4122 1428 4203; x_wconf 81' lang='lat' dir='ltr'><strong>augendae3</strong></span> <span class='ocrx_word' id='word_1_385' title='bbox 1492 4119 1715 4178; x_wconf 78' lang='lat' dir='ltr'><strong>frustra</strong></span> <span class='ocrx_word' id='word_1_386' title='bbox 1761 4121 2121 4193; x_wconf 68' lang='lat' dir='ltr'><strong>consumitur</strong></span> <span class='ocrx_word' id='word_1_387' title='bbox 2162 4120 2414 4176; x_wconf 81' lang='lat' dir='ltr'><strong>hnmana</strong></span> 
     </span>
     <span class='ocr_line' id='line_1_44' title="bbox 214 4204 2414 4289; baseline -0.005 -20"><span class='ocrx_word' id='word_1_388' title='bbox 214 4229 412 4288; x_wconf 79' lang='lat' dir='ltr'><strong>opera,</strong></span> <span class='ocrx_word' id='word_1_389' title='bbox 436 4231 580 4289; x_wconf 84' lang='lat' dir='ltr'><strong>quae</strong></span> <span class='ocrx_word' id='word_1_390' title='bbox 610 4229 716 4269; x_wconf 85' lang='lat' dir='ltr'><strong>suo</strong></span> <span class='ocrx_word' id='word_1_391' title='bbox 743 4210 938 4270; x_wconf 81' lang='lat' dir='ltr'><strong>studio</strong></span> <span class='ocrx_word' id='word_1_392' title='bbox 964 4227 1179 4286; x_wconf 81' lang='lat' dir='ltr'><strong>suaque</strong></span> <span class='ocrx_word' id='word_1_393' title='bbox 1205 4207 1499 4268; x_wconf 79' lang='lat' dir='ltr'><strong>industria</strong></span> <span class='ocrx_word' id='word_1_394' title='bbox 1521 4204 1636 4263; x_wconf 83' lang='lat' dir='ltr'><strong>hoc</strong></span> <span class='ocrx_word' id='word_1_395' title='bbox 1664 4223 1726 4262; x_wconf 88' lang='lat' dir='ltr'><strong>se</strong></span> <span class='ocrx_word' id='word_1_396' title='bbox 1751 4204 2076 4281; x_wconf 81' lang='lat' dir='ltr'><strong>perfectura</strong></span> <span class='ocrx_word' id='word_1_397' title='bbox 2100 4205 2414 4263; x_wconf 74' lang='lat' dir='ltr'><strong>existimat.</strong></span> 
     </span>
     <span class='ocr_line' id='line_1_45' title="bbox 213 4285 2420 4376; baseline -0.006 -23"><span class='ocrx_word' id='word_1_398' title='bbox 213 4294 285 4353; x_wconf 85' lang='lat' dir='ltr'><strong>Iu</strong></span> <span class='ocrx_word' id='word_1_399' title='bbox 322 4298 504 4356; x_wconf 81' lang='lat' dir='ltr'><strong>altero</strong></span> <span class='ocrx_word' id='word_1_400' title='bbox 533 4294 895 4354; x_wconf 84' lang='lat' dir='ltr'><strong>hemistiehio</strong></span> <span class='ocrx_word' id='word_1_401' title='bbox 936 4302 1054 4376; x_wconf 48' lang='lat'><strong>5³³3</strong></span> <span class='ocrx_word' id='word_1_402' title='bbox 1085 4293 1306 4350; x_wconf 73' lang='lat' dir='ltr'><strong>civitas</strong></span> <span class='ocrx_word' id='word_1_403' title='bbox 1322 4331 1342 4365; x_wconf 89' lang='lat'>‚</span> <span class='ocrx_word' id='word_1_404' title='bbox 1394 4285 1710 4354; x_wconf 72' lang='grc' dir='ltr'>πολιτείαν</span> <span class='ocrx_word' id='word_1_405' title='bbox 1750 4289 1938 4347; x_wconf 84' lang='lat' dir='ltr'><strong>omnis</strong></span> <span class='ocrx_word' id='word_1_406' title='bbox 1968 4290 2199 4368; x_wconf 74' lang='lat' dir='ltr'><strong>generis</strong></span> <span class='ocrx_word' id='word_1_407' title='bbox 2228 4286 2420 4365; x_wconf 78' lang='lat' dir='ltr'><strong>signi-</strong></span> 
     </span>
     <span class='ocr_line' id='line_1_46' title="bbox 157 4362 2421 4466; baseline -0.006 -29"><span class='ocrx_word' id='word_1_408' title='bbox 157 4397 180 4426; x_wconf 67' lang='lat' dir='ltr'><strong><em>s</em></strong></span> <span class='ocrx_word' id='word_1_409' title='bbox 213 4378 373 4454; x_wconf 78' lang='lat' dir='ltr'><strong>fleat,</strong></span> <span class='ocrx_word' id='word_1_410' title='bbox 411 4379 521 4442; x_wconf 82' lang='lat' dir='ltr'><strong>hoc</strong></span> <span class='ocrx_word' id='word_1_411' title='bbox 548 4397 754 4439; x_wconf 67' lang='lat' dir='ltr'><strong>annu.</strong></span> <span class='ocrx_word' id='word_1_412' title='bbox 797 4381 936 4440; x_wconf 77' lang='lat' dir='ltr'><strong>nisi</strong></span> <span class='ocrx_word' id='word_1_413' title='bbox 932 4362 1101 4440; x_wconf 70' lang='lat' dir='ltr'><strong>Deia-</strong></span> <span class='ocrx_word' id='word_1_414' title='bbox 1127 4395 1236 4437; x_wconf 85' lang='lat' dir='ltr'><strong>sno</strong></span> <span class='ocrx_word' id='word_1_415' title='bbox 1268 4376 1561 4455; x_wconf 75' lang='lat' dir='ltr'><strong>praesidio</strong></span> <span class='ocrx_word' id='word_1_416' title='bbox 1587 4374 1743 4466; x_wconf 76' lang='lat' dir='ltr'><strong>adsit</strong></span> <span class='ocrx_word' id='word_1_417' title='bbox 1767 4373 2014 4447; x_wconf 78' lang='lat' dir='ltr'><strong>civitati,</strong></span> <span class='ocrx_word' id='word_1_418' title='bbox 2039 4382 2103 4431; x_wconf 78' lang='lat' dir='ltr'><strong>et</strong></span> <span class='ocrx_word' id='word_1_419' title='bbox 2131 4368 2421 4428; x_wconf 80' lang='lat' dir='ltr'><strong>custodiat</strong></span> 
     </span>
    </p>
   </div>
  </div>
 </body>
</html>
